2766 4628
668 269 707 330 76

156 446 337 510 discesseris
360 448 400 511 ab
424 449 610 531 imperativo
634 468 761 523 revoca,
787 450 840 531 qui
863 458 910 511 est
939 450 1009 525 13‚8
1034 461 1065 512 et
1090 448 1128 514 de
1154 470 1218 532 quo

155 577 187 640 p.
218 568 280 633 109
303 552 374 632 dixi,
397 556 510 617 ambae
535 556 708 638 imperativi
731 555 852 618 formae
875 557 941 618 sine
965 559 1052 619 omni
1067 558 1218 640 significa·

155 662 249 723 tionis
282 657 453 723 differentia
482 671 649 745 usurpatae
673 670 754 723 sunt.
803 661 958 724 Conferas
987 677 1096 742 105,7:
1122 685 1217 727 sume

154 768 207 829 tibi
232 767 336 846 ollam,
359 764 479 830 addito
496 789 537 830 eo
553 787 655 851 aquae
672 769 835 830 sextarios
866 770 949 847 189:
969 779 1088 832 stercus
1105 768 1217 833 sedulo

155 893 333 936 conserva:
357 893 428 937 cum
453 875 644 959 exportabis,
668 884 818 957 purgato
842 885 874 937 et
897 878 1116 938 conminuito.

264 978 437 1042 Offensioni
461 991 519 1054 est,
543 979 690 1064 plurimas
714 982 887 1066 imperativi
912 984 1084 1064 praesentis
1100 983 1218 1046 formas

156 1089 186 1149 in
210 1086 273 1148 fine
290 1084 356 1149 iibri
369 1084 571 1171 deprehendi,
595 1083 624 1148 id
644 1084 729 1169 quod
747 1086 893 1170 equidem
917 1089 1073 1173 explicare
1089 1109 1218 1173 nequeo

156 1206 188 1258 et
212 1198 296 1259 casui
320 1191 521 1259 tribuendum
546 1190 670 1255 videtur
694 1214 771 1255 esse.

262 1303 431 1383 Quaeritur
461 1321 543 1384 quae
578 1319 712 1381 persona
745 1302 921 1384 imperativi
944 1298 1156 1384 intellegenda
1180 1303 1219 1364 sit

155 1421 261 1472 utrum
292 1409 391 1472 altera
425 1429 465 1471 an
496 1408 597 1468 tertia.
644 1405 725 1469 Cum
759 1418 866 1469 autem
901 1418 932 1469 et
956 1428 996 1469 ex
1026 1409 1218 1490 imperativis

155 1517 330 1599 praesentis
364 1525 395 1577 et
419 1535 459 1577 ex
496 1514 684 1576 coniunctivi
708 1515 810 1575 iussivi
838 1514 937 1576 forma
967 1524 998 1576 et
1022 1535 1063 1576 ex
1086 1515 1120 1576 iis
1144 1535 1217 1576 ver-

157 1623 269 1685 borum
304 1622 420 1696 formis,
456 1641 538 1704 quae
562 1619 655 1682 alium
684 1617 815 1682 modum
838 1617 971 1682 induunt
993 1621 1122 1684 alteram
1146 1641 1217 1704 per·

157 1750 267 1794 sonam
293 1725 534 1809 intellegendam
559 1748 628 1789 esse
651 1735 814 1810 appareat,
838 1737 1022 1791 tamennon
1038 1748 1110 1791 raro
1127 1729 1217 1790 tertia

155 1856 293 1920 persona
326 1838 428 1920 posita
461 1844 517 1912 est,
551 1835 602 1895 ubi
637 1834 736 1896 altera
768 1832 969 1897 desideratur.
1016 1833 1216 1914 Ut:.64,37,:

156 1943 314 2007 Graneam
338 1944 489 2005 triticeam
515 1943 557 2002 sic
579 1941 680 2002 facito,
706 1941 851 2002 selibram
876 1943 963 2004 tritici
987 1942 1057 2022 puri
1080 1941 1110 2003 in
1132 1961 1217 2003 mor·

156 2051 267 2112 tarium
284 2069 397 2132 putum
415 2046 523 2123 indat,
540 2047 634 2109 lavet
650 2048 732 2109 bene
750 2049 963 2132 corticemque
979 2046 1109 2110 deterat
1124 2048 1217 2125 bene,

155 2156 317 2240 eluatque
339 2157 429 2219 bene.
475 2154 582 2237 Atque
599 2157 672 2217 item
690 2158 719 2217 in
736 2155 940 2238 sequentibus
956 2156 1106 2217 versibus.
1124 2153 1216 2216 ¹Tum

155 2272 262 2324 antem
285 2264 316 2323 in
339 2260 451 2323 eadem
474 2263 640 2342 paginam
666 2282 760 2323 versu
789 2261 827 2324 18
851 2257 988 2322 secunda
1010 2262 1122 2322 iterum
1146 2279 1216 2341 per·

155 2388 235 2430 sona
259 2378 388 2451 repente
411 2377 531 2430 exstat:
557 2389 596 2430 ea
619 2369 735 2430 muries
759 2369 824 2442 erit,
855 2365 905 2428 vel
939 2386 1067 2428 carnem
1092 2365 1141 2427 vel
1165 2385 1216 2429 ca-

155 2495 229 2538 seos
261 2473 315 2535 vel
349 2474 536 2537 salsamenta
568 2494 633 2557 quo
668 2473 795 2538 condas.
853 2476 919 2538 Aut
954 2475 1066 2553 76,11:
1103 2475 1217 2536 crebro

155 2603 270 2664 aquam
295 2591 404 2645 mutet.
428 2576 541 2642 deinde
565 2627 571 2640 .
591 2627 622 2645 ..
647 2585 858 2663 exprimat...
883 2589 914 2643 et
930 2581 1040 2643 coiciat
1063 2588 1095 2641 et
1107 2579 1214 2642 oleum

155 2688 279 2753 addat.
304 2739 311 2751 .
338 2737 345 2751 .
370 2737 377 2750 .
401 2687 567 2751 feniculum
598 2687 722 2752 condat.
752 2693 775 2752 si
807 2710 870 2752 una
897 2686 1070 2751 admiscere
1103 2686 1215 2763 voles,

156 2799 217 2860 cito
252 2799 340 2858 utito.
377 2800 406 2861 in
440 2796 592 2860 orculam'
615 2795 742 2858 calcato.
778 2796 921 2858 manibus
945 2796 1041 2868 siccis,
1075 2812 1147 2855 curn
1171 2795 1216 2855 uti

156 2904 270 2983 voles,
302 2905 427 2966 sumito.
461 2902 527 2965 Aut
561 2902 670 2980 60,19:
713 2903 794 2964 casei
818 2899 853 2962 P.
874 2901 901 2963 H
929 2903 1010 2963 bene
1034 2896 1159 2961 (listerat
1183 2900 1213 2962 in

156 3011 316 3072 mortario.
340 3011 394 3071 ubi
407 3009 489 3072 bene
502 3006 668 3071 distriverit
682 3057 688 3070 .
703 3057 709 3069 .
725 3057 732 3072 .
757 3011 781 3070 si
806 3007 858 3070 vol
869 3028 907 3069 es
927 3008 1065 3069 tenerius
1081 3027 1192 3068 esse..
1208 3058 1214 3067 .

155 3113 272 3178 eodem
288 3114 395 3179 indito,
412 3116 451 3178 cf:
470 3116 554 3191 6332
570 3135 694 3198 sqqcp.
724 3116 793 3191 136.
823 3127 891 3192 137.
923 3130 992 3192 144.
1022 3126 1092 3187 150.
1168 3168 1173 3177 .

262 3223 344 3286 Fieri
371 3243 436 3285 non
459 3232 573 3305 potest,
598 3223 672 3306 quin
696 3224 756 3284 hoc
780 3242 909 3306 quoque
933 3220 1151 3304 neglegentiae
1176 3217 1214 3280 illi

156 3328 196 3392 de
219 3351 282 3413 qua
306 3333 367 3393 iam
391 3331 515 3412 saepius
539 3326 671 3391 diximus
694 3330 857 3392 tribuatur.

262 3437 325 3499 Pro
349 3437 532 3517 imperativo
556 3436 635 3498 haec
659 3441 762 3519 posita
785 3445 872 3498 sunt:

268 3542 295 3619 1)
320 3543 517 3605 Coniunctivi
551 3543 723 3625 praesentis
754 3543 847 3603 activi
881 3561 1019 3625 persona
1053 3540 1215 3623 singularis

154 3648 254 3711 altera
288 3658 322 3710 ut
365 3650 471 3725 15,tb:
506 3651 548 3712 ita
569 3646 725 3723 aedifices,
760 3668 800 3710 ne
825 3647 894 3710 vilia
919 3645 1048 3710 [undum
1073 3656 1214 3730 quaerat.

155 3756 249 3819 Item:
274 3757 382 3832 4218.
409 3754 493 3839 (bis.)
519 3755 601 3835 5op.
626 3767 709 3830 72,5.
735 3753 819 3836 (bis.)
843 3756 872 3818 o.
896 3756 982 3832 oon.

263 3862 293 3941 2)
318 3859 467 3924 Eiusdem
491 3862 643 3944 temporis
665 3862 758 3924 activi
782 3871 812 3923 et
829 3864 941 3942 passivi
958 3880 1095 3943 persona
1107 3859 1216 3942 singu·

154 3969 224 4032 laris
247 3971 338 4033 tertia
361 3979 396 4032 ut
426 3981 510 4044 12‚7:
535 3968 604 4031 solo
617 3969 704 4030 bono
725 3989 782 4031 sua
798 3970 910 4030 virtute
928 3968 1032 4031 valeat
1048 3964 1104 4047 (sc.
1125 3987 1214 4050 prae-

155 4073 263 4158 dium).
