2766 4628
666 242 708 307 60

155 441 283 506 semper
317 441 389 484 cum
423 419 586 485 indicatico
619 423 826 506 coniungitur,
862 443 932 486 cum
956 424 1075 506 ubique
1098 443 1217 486 meram

156 531 307 613 temporis
331 529 382 591 vel
407 527 607 593 condicionis·
624 531 788 592 notionem
820 529 945 593 habeat.
993 529 1218 593 Coniunctivus

156 637 203 698 his
226 646 329 700 exstat
345 637 433 699 locis:
454 637 547 714 389:
573 646 697 711 caveto,
722 656 821 719 quom
838 646 952 699 ventus
968 638 1025 698 siet
1041 645 1096 699 aut
1112 638 1218 715 imber,

156 740 287 805 effodias
311 752 364 805 aut
389 743 478 806 ieras,
526 742 617 821 56‚6:
642 763 753 824 agrurn
776 744 1012 807 frumentarium
1042 763 1113 806 cum
1139 763 1217 818 ares,

156 850 239 911 bene
262 853 294 910 et
321 850 508 933 tempestive
541 869 619 910 ares.
675 849 786 923 do,l2:
821 849 921 912 tollito
956 860 987 912 et
1010 847 1149 925 condit0,
1179 870 1217 912 ne

156 974 302 1038 quaeras
338 973 410 1016 cum
443 973 524 1037 opus
549 955 615 1016 siet.
673 954 794 1034 Quibus
819 955 965 1017 omnibus
992 955 1068 1018 locis
1092 957 1217 1018 coniun-

160 1063 260 1123 ctivus
272 1081 336 1122 non
356 1057 473 1141 pendet
488 1081 506 1121 e
523 1062 742 1123 coniunctione
760 1081 841 1136 cunr,
855 1058 910 1123 sed
927 1061 1003 1123 liber
1022 1071 1079 1137 est,
1105 1063 1218 1147 quippe

156 1188 226 1231 curn
260 1166 436 1250 potentialis
468 1168 556 1230 notio
589 1169 617 1229 ei
647 1168 724 1230 insit.
772 1168 968 1230 Coniunctivi
998 1169 1028 1230 in
1053 1170 1217 1230 enuntiatis

156 1284 336 1357 quaesunt
364 1273 436 1349 13,8
460 1283 492 1335 et
520 1273 589 1351 14‚6
624 1273 831 1356 explicatione
863 1295 928 1336 non
953 1283 1057 1358 egent,
1082 1275 1218 1337 cumini

157 1382 259 1443 oratio
284 1381 411 1463 obliqua
434 1382 496 1442 sit·
537 1377 574 1442 In
606 1389 784 1441 ceterorum
808 1377 900 1442 Porci
934 1381 1122 1464 scriptorum
1151 1380 1218 1443 reli·

156 1489 236 1571 quiis
269 1496 341 1570 post
370 1488 621 1549 coniunctionem
657 1504 729 1547 cum
763 1486 970 1568 temporalem
1004 1487 1218 1552 coniunctivus

158 1595 231 1656 mihi
266 1611 504 1675 nonnumquam
538 1591 659 1674 positus
694 1588 817 1654 videtur
855 1612 934 1655 esse.
990 1592 1032 1655 Ut
1067 1594 1151 1655 enim
1181 1591 1219 1655 de

158 1701 267 1762 ceteris
302 1699 377 1760 locis
406 1708 536 1775 taceam,
572 1697 688 1781 quibus
723 1717 796 1760 cum
828 1697 1012 1762 Luebberto
1045 1701 1219 1775 consentio,

84 1867 87 1874 ,
158 1807 209 1885 qui
233 1807 263 1868 in
287 1807 414 1888 egregia
438 1804 486 1868 illa
510 1803 735 1881 dissertatione,
760 1806 809 1866 cui
825 1807 977 1888 inscripsit
998 1804 1080 1883 „Die
1099 1807 1219 1887 Syntax

157 1932 223 1974 von
246 1931 344 1995 quoin
366 1908 430 1973 und
455 1908 504 1972 die
529 1910 772 1991 Entwickelung
801 1907 857 1972 der
884 1911 1032 1975 relativen
1055 1910 1219 1995 Tempora

157 2021 198 2081 irn
223 2018 340 2081 alteren
365 2016 507 2080 Latein.“
532 2015 641 2096 (Bresl.
672 2013 768 2098 1870)
802 2013 842 2078 de
871 2018 1091 2081 coniunctione
1120 2037 1219 2100 quom

158 2123 311 2198 disseruit,
345 2125 398 2206 qui
433 2124 650 2186 coniunctivus
685 2124 714 2184 in
750 2124 808 2184 hac
837 2124 1049 2185 enuntiatione
1073 2124 1219 2206 explicari

157 2240 272 2315 potest,
308 2249 389 2311 quae
424 2239 470 2290 est
503 2227 592 2312 frgm.
617 2229 707 2305 64,t:
745 2229 825 2292 Cum
858 2250 961 2291 essem
994 2230 1024 2291 in
1059 2231 1220 2313 provincia

156 2339 277 2421 legatus
300 2337 498 2418 quamplures
522 2334 561 2399 ad
585 2344 747 2418 praetores
770 2345 802 2397 et
826 2335 970 2397 consules
986 2337 1096 2398 vinum
1117 2336 1219 2399 hono-

150 2445 276 2507 rarium
301 2443 444 2511 dabant?
490 2443 603 2508 Nonne
622 2443 670 2505 hic
686 2443 917 2504 coniunctivum
942 2461 1054 2504 ecum
1078 2440 1220 2526 pendere

157 2554 311 2636 apparet?
345 2551 580 2618 Luebbertusl.
597 2550 615 2613 l.
632 2561 734 2632 p.147
752 2548 884 2611 liberum
908 2567 980 2609 eum
1005 2549 1220 2611 coniuntivum

157 2680 227 2721 esse
259 2658 339 2722 dicit.
401 2661 493 2741 Quae
520 2660 608 2720 notio
636 2657 665 2717 ei
693 2655 893 2718 coniunctivo
921 2655 1047 2729 inesset,
1072 2650 1220 2736 equidem

156 2766 249 2847 plane
283 2768 398 2829 nescio.
455 2766 533 2828 ltem
568 2763 784 2826 coniunctivus
815 2769 886 2842 post
909 2780 979 2822 cum
1004 2760 1077 2840 55,8
1102 2762 1221 2843 positus

158 2868 282 2934 videtur
306 2893 384 2945 esse,
408 2872 461 2933 ubi
485 2880 544 2932 est:
571 2869 736 2950 „Cumque
752 2866 905 2928 Hannibal
929 2876 1047 2929 terram
1070 2867 1222 2929 laceraret

157 2987 254 3062 alque
272 2980 423 3040 vexaret“
447 2974 501 3038 sed
518 2984 602 3038 certe
627 2972 753 3036 iudicari
776 2973 806 3034 in
829 2972 881 3034 tali
904 2972 1081 3055 fragmento
1104 2975 1221 3056 nequit.

264 3086 368 3166 Quam
392 3084 576 3146 brevissime
599 3099 683 3143 nunc
706 3076 746 3140 de
769 3079 963 3161 temporibus
996 3080 1026 3140 in
1050 3081 1096 3141 nis
1121 3101 1220 3142 enun-

158 3194 240 3256 tiatis
264 3190 424 3254 disseram.
471 3189 515 3252 Ut
537 3210 587 3252 res
611 3188 758 3250 celeriter
793 3195 1001 3268 cognoscatur
1032 3187 1115 3249 hunc
1146 3205 1219 3249 con·

157 3310 299 3382 spectum
323 3308 377 3361 aut
400 3298 531 3359 schema
554 3305 588 3357 ut
612 3315 671 3357 nos
696 3290 824 3355 dicimus
846 3298 951 3375 pono:

572 3399 716 3463 Positum
740 3412 799 3464 est:

189 3511 220 3571 in
243 3512 405 3572 enuntiato
429 3504 629 3570 secundario:
689 3500 692 3590 l
767 3509 797 3568 in
821 3504 983 3567 enuntiato
1007 3504 1167 3586 primario:

230 3647 254 3695 1.
301 3629 367 3694 lnd.
408 3631 513 3694 Praes,
553 3606 697 3766 29,11.I
788 3644 814 3691 1.
861 3625 925 3691 lnd.
966 3627 1071 3690 Praes.
1111 3640 1218 3705 29,11.

158 3752 264 3815 30‚12.
303 3749 408 3816 47,12.
449 3751 530 3818 549·
577 3748 664 3814 97²4·
718 3747 1041 3816 3022·47‚12-54‚9·
1067 3744 1151 3810 97‚4·

163 3847 264 3927 1085.
289 3844 322 3922 (ὁ
344 3843 445 3923 locis).
685 3774 699 3926 l
784 3840 1082 3923 2.lmper.1o8,7.

225 4021 604 4107 2.lncl.lmperl.11‚9.
681 3997 698 4105 {
790 4033 815 4080 1.
840 4015 904 4080 lud.
928 4014 1054 4101 Imperi.
1085 4028 1163 4094 119.
