2766 4628
627 268 668 329 41

114 447 257 509 canalem
281 446 321 507 ibi
346 455 558 508 ostentatores
576 447 663 508 rneri.
703 445 765 508 Mil.
784 447 822 530 gl.
845 468 873 509 v.
896 460 934 524 9:
961 448 1028 509 Stat
1051 457 1181 531 propter

115 554 216 615 virum
240 554 354 616 fortem
379 562 474 636 atque
498 553 700 615 fortunatum.

226 689 318 754 95,7:
350 698 407 760 per
439 697 495 739 ver
519 679 616 739 serito
645 679 675 739 iu
703 677 775 738 loco
808 677 861 739 ubi
899 687 983 739 terra
1014 679 1181 739 tenerrima

114 783 182 858 erit,
199 800 294 862 quarn
311 783 429 866 pullam
445 792 569 862 uocant,
593 784 645 844 ubi
669 801 753 864 aqua
768 792 898 866 propter
920 784 985 844 siet.
1026 780 1181 844 Aduerbii

114 891 206 972 igitur
247 891 332 952 vices
371 891 500 952 obtinet.
571 889 782 953 Conferenda:
829 892 884 954 Tr.
924 888 986 953 Ad.
1020 889 1103 965 576:
1139 889 1180 951 ibi

114 996 315 1078 angiportum
344 1007 475 1081 propter
505 1006 561 1059 est.
610 996 678 1059 Cat.
707 996 760 1077 lrg.
800 1013 887 1075 15‚4:
918 996 1067 1060 Thelunti
1094 994 1178 1057 Tau-

114 1103 192 1165 rauii
216 1113 371 1165 vocantur
395 1101 434 1165 de
459 1103 554 1165 fluvio
580 1105 632 1185 qui
656 1114 785 1187 propter
809 1104 885 1166 fluit.

225 1259 443 1324 secundum.

226 1365 406 1431 Secundum
436 1371 581 1432 omnibus
609 1380 760 1452 quattuor
788 1369 863 1432 locis
888 1370 999 1450 quibus
1022 1369 1179 1430 invenitur

114 1469 155 1535 de
187 1484 333 1559 ternpore
367 1472 483 1538 dietum
517 1487 572 1539 est.
635 1475 787 1539 Conferas
825 1475 867 1538 Pl.
905 1475 975 1538 Cas.
1010 1474 1088 1558 prol.
1122 1475 1178 1538 28:

115 1578 290 1643 secundum
315 1580 406 1644 ludos
430 1579 565 1645 reddunt
589 1592 695 1645 autern
719 1583 843 1645 nemini.

226 1704 308 1780 „Pro
342 1703 526 1781 secundum,
563 1708 659 1789 iuquit
695 1707 837 1769 Holtzius
873 1706 890 1767 l.
927 1706 944 1767 l.
979 1704 1002 1780 l,
1037 1725 1069 1788 p.
1107 1703 1180 1778 216,

114 1808 278 1874 dicebatur
313 1815 407 1876 etiarn
443 1832 544 1885 secus,
581 1815 623 1875 sic
657 1811 741 1896 apud
768 1813 922 1876 Catonem
951 1832 974 1874 r.
1008 1830 1032 1872 r.
1067 1821 1179 1887 33,19:

113 1915 226 1980 dextra
261 1921 383 1982 sinistra
417 1920 572 1982 foramina
605 1921 763 2003 utrimque
794 1938 886 1982 secus
922 1917 1086 1980 lamminas
1123 1915 1181 1977 sub

116 2023 279 2088 lamminas
325 2025 457 2106 pollulas
497 2027 632 2088 minutas
675 2026 874 2109 supponit0.“
942 2024 1181 2086 Lachmannum

116 2127 240 2193 videtur
263 2143 389 2195 secutus
413 2154 492 2207 esse,
521 2133 574 2215 qui
603 2128 641 2194 ad
666 2132 758 2194 Lucr.
785 2131 924 2210 111,306
953 2130 1024 2193 loco
1048 2128 1099 2191 illo
1124 2129 1180 2191 uti-

115 2246 166 2298 tur
205 2234 244 2300 ad
288 2248 411 2302 textum
452 2240 588 2302 Lucretii
629 2235 873 2302 emendandum.
931 2234 1088 2318 Equidem
1129 2234 1181 2297 illo

114 2363 245 2428 quoque
277 2345 406 2408 Catonis
440 2346 511 2409 loco
544 2358 577 2410 ut
602 2349 747 2410 omnibus
770 2345 845 2420 aliis,
870 2345 983 2427 quibus
1007 2343 1182 2427 repperitur

117 2451 276 2534 utrimque
309 2472 400 2516 secus
432 2452 618 2519 adverbium
654 2475 723 2517 esse
756 2454 900 2525 arbitror.
958 2450 1036 2513 Loci
1068 2450 1182 2531 quibus

115 2566 220 2620 exstat
244 2560 275 2620 lii
300 2568 386 2621 sunt:
412 2560 479 2623 Cat.
502 2582 523 2623 r.
549 2584 572 2624 r.
590 2574 679 2638 341:
706 2581 784 2643 cupa
808 2578 870 2642 qua
893 2556 946 2620 fini
970 2556 999 2617 in
1023 2552 1180 2618 modiolos

116 2663 173 2724 erit
209 2665 365 2748 utrimque
399 2686 489 2729 secus
522 2668 702 2730 imbricibus
733 2667 840 2729 ferreis
873 2671 1023 2747 quattuor
1055 2657 1095 2722 de
1123 2678 1182 2721 suo

115 2769 352 2855 sibi-utrimque
385 2793 477 2836 secus
509 2775 601 2838 facito
633 2777 685 2858 qui
714 2773 799 2854 ligas.
855 2767 926 2844 Quo
955 2768 1038 2843 loce,
1073 2786 1182 2849 quarn-

118 2895 216 2958 quarn
241 2878 315 2958 quid
339 2880 395 2942 sibi
412 2880 485 2942 velit
509 2901 575 2944 non
598 2879 759 2963 intelleg0,
782 2879 939 2961 utrimque
953 2895 1044 2938 secus
1068 2872 1182 2937 adver-

116 2981 203 3044 bium
246 3004 316 3046 esse
356 2987 555 3050 manilestum
599 2996 655 3049 est.
716 2983 838 3050 Deinde
877 2985 969 3047 Lucr.
1006 2982 1061 3058 ΙΙΙ,
1101 2994 1181 3059 939:

117 3087 226 3168 Quare
255 3093 412 3176 utrimque
440 3114 532 3157 secus
561 3114 634 3157 cum
658 3114 773 3177 corpus
802 3091 940 3176 vapulet.
990 3088 1088 3152 Lucil.
1118 3084 1182 3166 (ed.

118 3194 195 3258 Luc.
218 3196 372 3275 Mueller.)
418 3199 523 3279 ΧΧΙΙ,
539 3203 573 3266 6:
599 3202 758 3285 Zopyrion
775 3200 882 3262 labeas
902 3194 1003 3259 caedit
1028 3196 1184 3274 utrimque

116 3321 217 3366 secus.
266 3305 382 3390 Appul.
415 3308 488 3372 Met.
515 3309 548 3372 lt,
579 3329 608 3391 p.
640 3307 746 3382 libb:
783 3325 878 3368 canes
907 3304 1065 3384 utrimque
1093 3317 1186 3361 secus

117 3409 199 3475 deae
222 3414 318 3479 latera
345 3417 496 3482 muniunt.
550 3414 633 3477 Alibi
656 3415 736 3476 haec
764 3431 829 3475 rox
854 3418 978 3473 exstare
1002 3427 1067 3470 non
1093 3403 1185 3468 vide-

118 3528 179 3596 tur,
203 3541 276 3584 curn
305 3524 336 3586 in
364 3522 513 3596 Lucretii,
545 3542 641 3604 quem
665 3540 760 3603 supra
788 3516 850 3580 dixi
880 3536 973 3579 versu
1007 3511 1074 3596 (ΙΙΙ,
1099 3511 1185 3589 306.)

117 3627 315 3693 Lachrnanui
339 3630 523 3692 coniectura
556 3639 675 3690 tautum
709 3628 824 3688 inserta
855 3625 902 3686 sit.
932 3621 1061 3684 Catonis
1094 3622 1186 3702 igitur

119 3733 212 3797 locus
235 3736 287 3798 ille
315 3737 358 3798 sic
382 3737 456 3799 mihi
490 3732 659 3798 vertendus
687 3731 917 3796 videturesse:
948 3728 1012 3792 Zur
1040 3728 1184 3790 Rechten

117 3837 182 3905 und
206 3841 332 3907 Linken
358 3840 415 3904 der
438 3843 566 3905 Lbcher
590 3841 635 3918 (cf.
662 3852 779 3916 30‚12:
809 3834 922 3900 dextra
950 3836 1071 3898 sinistra
1098 3833 1185 3916 pavi·

117 3946 274 4032 mentum)
298 3950 370 4033 lege
394 3949 451 4012 auf
469 3945 583 4010 beiden
599 3949 703 4010 Seiten
725 3965 805 4029 ganz
830 3944 934 4006 kleine
952 3942 1068 4004 Bleche
1094 3948 1187 4001 unter

117 4054 169 4118 die
193 4054 321 4119 Bleche.
357 4106 364 4119 .
