2766 4628
671 263 712 337 15

158 458 280 529 parate.
327 460 443 525 37‚1o:
467 448 635 529 privasque
659 445 804 528 scopulas
827 447 858 508 iu
882 443 1080 513 doliatlacito
1104 447 1222 511 habeas

160 555 198 621 illi
234 555 287 618 rei.
323 567 416 630 5411
454 534 702 636 lignadomino
731 552 761 614 in
790 553 931 616 tabulato
960 552 1097 619 condito.
1133 552 1222 630 44,8:

112 665 115 670 '
159 658 318 723 codicillos
354 658 484 725 domino
519 663 550 724 in
573 657 721 722 acervum
745 678 900 742 conpone.
932 660 1023 736 46,8:
1052 661 1222 722 seminariis

160 769 285 836 vitiariis
308 767 414 831 locum
440 770 518 831 verti
541 780 634 845 49,ss
660 766 774 827 vitibus
790 765 911 829 sulcos.
930 813 957 828 ..
982 766 1083 829 facito
1108 769 1222 842 55,16:

158 884 323 955 praeterea
358 876 498 958 granatui
523 869 563 956 (i)
598 869 704 935 videto
728 874 771 934 uti
795 874 869 935 satis
892 875 990 936 viciae
1013 894 1107 937 seras.
1131 875 1222 953 58‚7:

158 979 272 1048 cotidie
296 981 371 1045 oleo
396 982 501 1050 locum
518 988 690 1043 conmutet.
714 992 799 1056 93‚7.
823 992 873 1054 17:
898 979 985 1043 locus
998 981 1075 1043 vinis
1091 977 1222 1044 dabitur.

157 1101 247 1166 94,ss
273 1089 323 1151 vel
339 1086 422 1151 diem
445 1097 562 1151 certam
579 1088 703 1169 utrique
719 1086 823 1149 facito.
848 1087 936 1164 969:
955 1086 1077 1150 fiscinas
1092 1087 1223 1150 olearias

157 1198 356 1280 campanicas
380 1194 458 1259 duas
481 1195 551 1258 illae
565 1194 610 1257 rei
634 1193 761 1256 habeto.
795 1192 913 1270 obsta:
942 1195 1063 1257 labrum
1088 1195 1222 1258 culleare

157 1303 226 1367 illae
265 1305 308 1365 rei
347 1305 454 1382 lacit03
495 1299 630 1384 denique
668 1307 741 1381 post
780 1301 914 1362 verbum
948 1304 1064 1364 solum:
1105 1303 1223 1365 amicos

158 1407 276 1472 domini
312 1431 369 1472 eos
403 1406 519 1471 habeat
554 1407 611 1469 sibi
645 1408 764 1469 amicos
802 1408 880 1483 17,6.
927 1427 1010 1490 quae
1044 1409 1099 1471 tibi
1124 1410 1224 1471 usioni

158 1526 345 1600 supererant
368 1529 473 1594 45,10.
509 1518 618 1578 hortus
653 1534 789 1596 nequam
825 1516 882 1576 erit
910 1525 942 1576 et
964 1512 1098 1577 ferundo
1129 1517 1224 1578 arbor

158 1624 271 1706 peribit
314 1622 393 1700 19,6.
438 1620 499 1699 (fur
541 1619 597 1684 das
632 1620 880 1704 Frtichtetragen
916 1618 992 1684 wird
1032 1618 1087 1684 der
1122 1623 1222 1685 Baum

159 1729 338 1812 untauglich
384 1726 533 1800 werden.)
579 1727 691 1802 67,14:
736 1726 804 1789 Fici
848 1729 890 1789 uti
927 1746 1055 1807 grossos
1094 1736 1223 1790 teneant

159 1835 251 1899 facito
287 1837 393 1898 omnia
428 1830 595 1918 quomodo
631 1833 731 1902 oleae,
784 1834 840 1896 His
875 1833 1028 1916 exemplis
1066 1854 1105 1896 ea
1141 1835 1222 1896 subi-

158 1962 258 2024 ung0,
289 1944 319 2003 in
353 1937 466 2024 quibus
504 1936 628 2002 dativus
666 1937 829 2022 gerundivi
865 1949 983 2003 exstat:
1030 1951 1112 2017 19‚2:
1148 1960 1224 2023 ager

159 2049 246 2112 oleto
272 2044 481 2111 conserund0.
506 2047 620 2121 5b,10:
636 2055 761 2128 tempus
778 2047 868 2109 oleae
881 2045 1045 2109 serendae.
1070 2047 1222 2110 Seorsum

160 2176 200 2219 ea
223 2154 318 2229 attuli,
354 2152 439 2238 quod
477 2150 630 2236 gerundio
661 2154 723 2215 vim
748 2155 897 2238 participii
922 2154 1026 2222 ,futuri
1049 2154 1168 2237 passivi
1190 2151 1223 2216 id

160 2269 209 2323 est
231 2262 392 2324 notionem
417 2261 542 2324 finalem
568 2261 670 2323 inesse
693 2260 791 2342 vulgo
814 2269 951 2342 putatur.
992 2258 1087 2341 Quod
1111 2261 1224 2325 falsum

160 2388 229 2429 esse
253 2378 365 2450 postea
398 2385 568 2448 exponam.
616 2367 672 2430 His
694 2387 824 2452 quoque
857 2367 934 2430 locis
958 2368 1075 2431 consilii
1098 2370 1144 2431 vis
1167 2389 1223 2453 per

160 2471 302 2536 dativum
337 2473 439 2536 solum
474 2472 614 2535 eflicitur.
647 2508 691 2517 —
727 2474 798 2537 Huc
830 2471 967 2558 denique
1003 2474 1105 2538 refero
1141 2477 1223 2538 hunc

159 2600 288 2663 quoque
312 2579 431 2642 locum:
459 2577 569 2653 28,t7:
594 2578 666 2640 loco
690 2581 853 2662 pestilenti,
878 2582 932 2643 ubi
945 2591 1064 2644 aestate
1077 2581 1144 2643 fieri
1157 2599 1224 2644 non

159 2688 267 2769 possit,
293 2686 380 2747 bono
404 2682 534 2747 domino
558 2701 631 2768 pars
655 2696 766 2768 quarta
788 2688 866 2770 preti
889 2683 1026 2750 accedat.
1052 2684 1103 2750 Ad
1128 2708 1223 2771 quem

160 2793 303 2855 Holtzius
328 2791 359 2867 l.,
384 2811 413 2874 p.
437 2803 515 2866 510:
548 2788 790 2865 ‚,Schneiderus:
827 2814 912 2871 „non
942 2791 1072 2856 domino
1101 2793 1222 2857 accedit

160 2897 216 2962 sed
239 2921 256 2961 a
285 2895 414 2961 domino
438 2893 577 2960 adiicitur
599 2916 671 2978 pars
694 2909 806 2982 quarta
829 2902 917 2985 preti.
965 2898 1065 2982 Igitur
1088 2921 1224 2985 praepo-

160 3007 305 3067 sitionem
330 2999 482 3066 excidisse
502 3007 613 3082 put0.“
638 3002 700 3067 Sed
716 3026 780 3068 non
802 3025 882 3086 opus
899 3017 945 3068 est
957 3010 1224 3092 praepositionem

160 3107 248 3172 adiici
264 3131 336 3173 nam
354 3109 476 3172 dativus
493 3111 613 3192 positus
637 3121 686 3173 est
705 3110 935 3176 eodemmodo
959 3133 1024 3196 quo
1037 3116 1224 3177 coniunctus

162 3235 235 3276 cum
256 3217 354 3278 verbo
370 3217 505 3295 passivo
531 3235 588 3297 pro
612 3238 630 3279 a
654 3237 724 3281 cum
750 3218 888 3281 ablativo
912 3219 1107 3282 coniuncto.“
1154 3218 1225 3281 Fal-

162 3322 280 3383 sissime
306 3332 449 3405 uterque.
481 3322 610 3387 domino
636 3333 682 3386 est
706 3320 829 3386 dativus
853 3323 1011 3388 commodi
1034 3325 1079 3388 ita
1097 3334 1130 3387 ut
1155 3346 1225 3388 ver-

162 3426 290 3491 tendum
318 3432 356 3492 sit
394 3432 441 3494 fiir
465 3434 556 3495 einen
584 3440 680 3513 guten
705 3430 818 3505 Herm,
855 3433 959 3494 einem
991 3441 1089 3514 guteu
1121 3431 1225 3495 Herm

162 3554 267 3617 neque
302 3549 336 3600 ut
361 3539 426 3601 vult
448 3539 592 3601 Holtzius
616 3558 679 3600 von
704 3537 808 3599 einem
832 3548 929 3619 guten
954 3538 1065 3601 Herm.

269 3642 485 3726 Cognovimus
508 3646 600 3727 igitur
628 3663 725 3726 quam
753 3643 900 3726 lrequens
929 3653 961 3706 et
985 3647 1090 3707 varius
1114 3654 1146 3705 et
1170 3665 1226 3728 per

161 3755 265 3810 totum
281 3749 394 3811 librum
423 3749 593 3832 aequabilis
622 3746 717 3811 dativi
736 3769 811 3812 usus
839 3751 877 3812 sit
906 3751 937 3813 in
964 3750 1043 3813 libro
1073 3749 1159 3812 der.
1189 3771 1224 3825 n,

162 3873 234 3915 cum
258 3858 288 3916 in
312 3854 492 3936 fragmentis
515 3855 587 3918 nihil
611 3854 764 3918 eiusmodi
788 3867 892 3919 exstet
916 3867 947 3919 et
970 3854 1054 3940 apud
1079 3858 1226 3920 Plautum

162 3967 193 4020 et
217 3957 400 4021 Terentium
430 3969 494 4022 tam
526 3960 621 4023 libere
650 3965 827 4047 crebroque
856 3962 977 4027 dativus
1006 3984 1071 4026 non
1095 3965 1225 4026 usitatus

162 4065 209 4125 sit.
269 4063 392 4126 Tamen
433 4085 497 4128 non
533 4064 665 4132 dubitari
701 4068 807 4146 debet,
849 4072 922 4154 quiu
956 4071 1035 4134 haec
1070 4083 1226 4136 structura
