2766 4628
665 262 706 325 55

153 443 281 505 altinum
307 454 363 506 est.
409 442 565 504 Disseruit
589 439 628 504 de
650 444 707 504 hac
733 463 768 504 re
785 441 928 522 Ringeus
952 444 982 504 in
1007 441 1215 522 disputatione

153 549 202 610 cui
215 550 401 611 inscribitur:
415 549 494 610 Zum
504 549 785 632 Sprachgebrauclt
799 545 854 609 des
867 548 964 610 Casas
975 547 1091 629 (Goett.
1108 545 1215 628 1880),

153 657 205 737 qui
229 676 259 738 p.
290 670 327 733 tq
351 658 427 718 llaec
444 657 561 718 statuit:
587 675 669 737 „que
692 657 756 717 tritt
780 656 831 716 nie
846 675 886 717 an
909 651 958 715 die
978 655 1213 735 Pritpositionen

153 762 201 834 ab,
228 763 281 834 ob,
311 761 379 838 sub,
407 759 501 844 apud,
534 761 634 823 selten
664 781 703 823 an
727 781 755 836 a,
785 758 834 834 ad,
865 758 1009 842 dagegen
1038 762 1151 821 immer
1174 779 1213 820 an

152 864 201 928 die
225 867 447 950 zweisylbigen
481 867 537 930 auf
564 887 592 940 a,
628 864 676 928 die
715 867 855 949 zugleich
889 864 1091 929 adverbialen
1119 862 1214 946 (auch

152 973 241 1051 inter,
265 983 394 1053 propter
418 956 527 1034 ausser
556 972 608 1034 bei
632 970 743 1044 Pron.)
772 970 835 1034 und
859 993 899 1034 an
923 973 999 1045 sine,
1029 982 1130 1049 trans3
1160 989 1213 1052 ge-

155 1080 310 1141 wt'rlrnliclr
340 1100 380 1142 an
402 1090 484 1162 post,
518 1100 586 1161 pr0,
612 1100 678 1162 per,
713 1077 762 1153 de,
798 1098 879 1154 cum,
913 1075 1063 1140 wahrend
1091 1076 1146 1138 bei
1174 1096 1215 1137 ex

155 1183 217 1245 und
242 1187 271 1246 in
297 1183 409 1248 Beides
433 1186 532 1267 gleicli
558 1185 664 1267 hdufig
691 1186 755 1246 sich
785 1181 915 1245 findet.“
963 1183 1014 1245 De
1037 1202 1096 1244 usu
1120 1179 1213 1260 Plau-

153 1293 218 1354 tino
248 1292 350 1354 Ballas
378 1293 408 1353 in
442 1290 668 1364 dissertatione,
702 1293 749 1352 cui
782 1290 969 1352 inscribitur:
1003 1288 1215 1351 Grammatica

153 1397 295 1460 Plautina
312 1398 324 1460 l
339 1398 390 1460 De
406 1398 564 1478 particulis
582 1398 776 1477 copulatiuis.
815 1395 985 1478 (Gryphsw
1007 1394 1112 1474 1800.)
1137 1394 1215 1454 haec

156 1501 243 1564 dicit:
270 1503 445 1579 „Particula
466 1523 528 1584 que
552 1506 576 1566 si
599 1505 769 1566 sententias
786 1511 838 1564 aut
861 1503 1087 1563 sententiarum
1110 1509 1215 1583 partes

153 1611 323 1691 componit,
347 1607 429 1691 apud
455 1609 600 1671 Plautum
623 1629 750 1692 semper
773 1609 874 1688 primo
899 1609 1017 1670 nomini
1040 1607 1213 1669 sententiae

156 1713 307 1776 adhaeret
340 1725 370 1776 et
394 1737 434 1777 ne
462 1725 528 1776 tum
557 1713 684 1797 quidem
712 1712 853 1776 secundo
883 1713 1035 1794 adplicata
1059 1722 1115 1791 est,
1143 1731 1216 1774 cum

154 1822 287 1903 primum
321 1821 426 1882 locum
462 1821 584 1883 obtinet
620 1822 846 1904 praepositio.“
894 1819 971 1882 ltem
1008 1822 1039 1881 in
1074 1818 1216 1901 corporis

153 1926 391 2009 inscriptionum
415 1927 464 1989 lat.
493 1926 653 1989 volumine
670 1928 773 2010 primo
797 1945 1048 2009 numquamque
1071 1921 1213 1987 secundo

152 2033 251 2093 cerlo
276 2031 404 2095 affixum
428 2034 541 2095 inueni.
590 2033 645 2094 llis
669 2034 710 2093 ibi
732 2030 884 2114 adplicata
908 2042 955 2094 est
977 2031 1212 2116 praepositioni-

55 2176 59 2182 ·
150 2137 221 2196 bus:
248 2134 350 2220 deque
379 2137 480 2215 196‚5.
511 2137 615 2215 1087.
640 2152 691 2213 itt.
717 2149 767 2212 73.
793 2150 899 2217 202,1.
925 2151 975 2216 30.
1003 2151 1064 2213 2,2.
1091 2155 1210 2221 exque:

152 2241 225 2318 206,
256 2256 322 2318 155.
347 2254 517 2326 extraque:
543 2256 616 2320 200,
642 2244 693 2318 78.
719 2244 770 2306 81.
802 2245 895 2326 inque
926 2244 1047 2323 10884.
1080 2244 1209 2320 20044.

150 2364 274 2429 proque
300 2362 426 2425 200,tu.
460 2361 535 2425 542.
582 2346 663 2412 ltem
696 2370 746 2411 res
776 2371 810 2411 se
834 2352 930 2413 habet
957 2349 1040 2431 apud
1065 2351 1211 2424 Ennium,

150 2451 234 2536 apud
269 2475 364 2538 quem
398 2467 445 2518 est
479 2455 563 2517 Ann.
597 2469 662 2531 545
697 2453 751 2536 (ed
783 2453 919 2539 Vahlen)
955 2478 1074 2541 perque
1108 2457 1211 2519 labam

150 2571 263 2643 repunt
298 2559 369 2622 ibid.
411 2563 492 2637 487:
535 2559 638 2643 deque
676 2559 812 2624 totondit
847 2583 940 2645 agros
981 2564 1080 2625 laetos
1116 2574 1210 2646 atque

149 2663 263 2749 oppida
287 2668 376 2750 cepit.
408 2678 439 2729 et
467 2668 497 2728 in
525 2669 713 2749 tragicorum
743 2670 1000 2752 comicorumque
1031 2670 1211 2752 lragmentis

148 2791 167 2832 a
191 2771 368 2833 Ribbeckio
394 2772 546 2836 collectis:
571 2771 642 2833 Pac.
667 2793 696 2834 u.
727 2786 799 2850 109,
824 2776 931 2859 (Ribb.
958 2776 970 2838 l
993 2795 1021 2858 p.
1046 2772 1116 2854 90.)
1141 2795 1211 2858 per-

150 2897 213 2959 que
241 2887 382 2940 nostram
412 2880 649 2941 unanimitatem
680 2881 847 2962 egregiam.
896 2882 937 2943 llli
967 2883 1057 2963 igitur
1083 2881 1211 2942 Catonis

149 2984 207 3046 loci
231 2985 433 3066 antiquissimi
457 2981 602 3046 videntur
627 3006 707 3059 esse,
738 2988 851 3067 quibus
875 3007 938 3071 que
962 3008 1026 3050 non
1049 2988 1210 3067 praeposi·

148 3090 223 3151 tioni
248 3087 303 3152 sed
327 3087 467 3151 secundo
491 3092 591 3152 verbo
615 3090 744 3153 affixum
769 3103 826 3156 est.

257 3196 360 3257 Etiam
384 3197 413 3256 in
437 3195 516 3257 li'oro
541 3194 580 3257 de
604 3217 638 3257 re
662 3199 775 3261 rustica
797 3220 862 3261 non
886 3209 996 3261 exstat.

253 3299 391 3384 Neque

173 3412 176 3417 ’
255 3408 374 3470 Forma
409 3427 468 3470 nec
502 3409 548 3470 bis
581 3419 703 3471 tantum
740 3407 1058 3492 (109,8)inuenitur.
1105 3408 1210 3472 Semel

151 3511 263 3594 (803.)
289 3534 393 3597 neque
418 3524 529 3597 quater
553 3516 690 3578 iteratur.
755 3595 756 3598 Ἴ

254 3621 401 3683 Praetera
437 3630 575 3684 exstant:
612 3643 716 3705 neque
746 3659 786 3667 -
816 3634 848 3686 et
868 3618 988 3699 '68‚r5.
1026 3623 1110 3697 80,8.
1151 3637 1209 3701 11.,

147 3746 251 3809 neque
274 3761 317 3770 -—
341 3746 404 3810 que
429 3725 511 3804 880.
546 3726 601 3789 sed
630 3729 700 3790 loco
729 3731 796 3790 sine
820 3727 916 3791 dubio
940 3730 1137 3810 interpolato,
1169 3727 1209 3791 de

146 3852 209 3915 quo
234 3831 343 3894 dicam.
390 3833 518 3912 Duplex
551 3836 677 3916 negatio
712 3837 773 3896 hoc
807 3835 878 3898 loco
903 3834 1081 3900 offenditur:
1118 3836 1208 3913 58,3·.

146 3959 223 4001 vaso
257 3941 381 4001 aheneo
410 3959 514 4022 neque
544 3941 662 4004 nucleis
689 3939 729 4004 ad
753 3941 860 4004 oleum
884 3963 925 4004 ne
954 3955 1066 4007 utatur.
1114 3941 1208 4005 Haud

145 4065 250 4108 rarum
275 4047 335 4108 lioc
370 4056 417 4108 est
440 4045 524 4127 apud
559 4048 679 4128 priscos
702 4050 884 4128 scriptores:
920 4050 956 4112 cl.
994 4051 1082 4133 lrgm.
1120 4062 1206 4128 23,ss
