2766 4628
703 262 744 322 ll

297 433 484 521 Priusquam
512 435 551 500 ad
581 461 671 504 usum
701 442 925 506 coniunctionis
958 461 999 502 ne
1027 436 1253 521 exponendum

192 553 398 619 transeamus
423 543 582 626 agendum
607 558 654 611 est
678 545 717 611 de
740 546 896 633 particulis
920 554 954 608 ut
978 557 1031 607 aut
1054 566 1096 607 ne
1120 546 1250 607 omissis.

191 647 352 712 Permulta
389 649 541 714 eiusmodi
580 656 728 740 exempla
767 663 890 717 exstant
928 654 957 715 in
995 651 1073 714 libro
1110 651 1251 715 Catonis:

198 767 282 832 12,2:
308 766 422 821 caveto
439 758 573 822 alienam
590 758 781 844 disciplinam
797 772 917 824 temere
934 768 1126 821 contemnas.
1162 760 1253 833 58,2:

193 873 303 924 caveat
334 883 431 954 quarn
462 866 624 929 minimum
656 870 686 929 in
719 866 920 930 torcularium
953 875 985 928 et
1011 863 1043 928 in
1073 864 1182 927 cellam
1210 866 1256 927 in-

191 979 343 1033 troeatur.
387 984 470 1050 17,5:
497 971 676 1036 consideret
692 994 773 1056 quae
790 971 935 1036 dominus
951 973 1152 1055 imperaverit
1168 971 1253 1034 liant.

194 1089 303 1155 27,12:
338 1077 426 1140 saber
449 1080 527 1142 haec
558 1081 648 1143 saciat
673 1090 807 1164 oportet.
855 1080 964 1158 36,15:
997 1080 1154 1161 sinitoque
1182 1097 1255 1140 cum

93 1214 95 1218 ⁷
193 1193 297 1245 musto
333 1180 527 1248 distabescat.
587 1199 674 1266 37‚2:
715 1187 870 1269 facitoque
908 1183 1034 1248 studeas
1067 1185 1149 1247 bene
1184 1203 1255 1265 per-

193 1300 319 1351 coctum
353 1292 533 1375 siccumque
566 1293 679 1376 legere.
727 1293 762 1355 cf.
788 1305 886 1368 37,10
910 1289 1005 1373 (bis.).
1034 1293 1118 1368 389.
1148 1303 1255 1369 39‚12.

193 1408 277 1473 ton·
303 1399 737 1488 t2‚1·44‚13-148‚2·4-20-
762 1411 869 1483 sona·
895 1399 980 1475 sod·
1005 1398 1132 1478 bons.
1149 1397 1256 1474 drus·

193 1502 299 1577 doro.
332 1502 459 1581 bana.
489 1502 575 1580 buu
593 1518 638 1580 13.
667 1506 773 1586 (sono.
807 1519 915 1584 72,1o.
946 1519 1031 1582 74‚r.
1060 1505 1143 1584 769.
1169 1505 1254 1579 80,1.

195 1605 277 1688 Son.
307 1606 433 1687 108,12.
479 1609 603 1674 Deinde
627 1625 714 1691 49,2:
748 1615 772 1674 si
803 1614 892 1675 voles
924 1613 1017 1674 uinea
1048 1613 1109 1673 cito
1139 1620 1257 1673 crescat

194 1716 229 1778 cf.
253 1730 359 1793 50‚13.
384 1730 497 1794 53‚12:
523 1730 691 1802 pascantur
714 1721 810 1782 satius
827 1720 892 1782 erit.
939 1715 1029 1796 59,8:
1055 1728 1161 1801 tepeat
1184 1719 1258 1781 satis

194 1831 249 1885 est.
311 1838 440 1900 105,17:
473 1825 579 1889 licebit
610 1826 699 1888 bibas
737 1825 845 1903 108‚rt:
883 1845 982 1908 usque
1015 1825 1118 1888 licebit
1149 1823 1257 1901 vellas,

194 1927 342 1992 donicum
367 1933 395 1993 in
420 1953 529 1996 semen
554 1931 668 1996 videris
691 1935 747 1995 ire.
793 1931 907 2007 bulg:
933 1931 1007 1994 dato
1032 1933 1134 1993 bubus
1150 1932 1259 1995 bibant

195 2039 340 2100 omnibus
364 2038 400 2101 cl.
425 2052 532 2118 pono.
562 2041 751 2117 103‚7.tl.9.
778 2040 867 2116 89,5:
898 2047 1007 2100 curato
1030 2038 1129 2101 faciat.
1176 2039 1258 2100 Eam

194 2152 381 2207 structuram
420 2164 516 2227 saepe
554 2144 639 2230 apud
676 2146 819 2209 Plautum
859 2146 987 2208 inveniri
1027 2147 1106 2208 inter
1145 2165 1258 2208 omnes

197 2247 358 2332 constat.1)
405 2251 516 2335 Neque
549 2263 656 2316 tamen
689 2250 746 2314 dici
778 2263 892 2334 potest,
927 2254 1057 2315 omissas
1086 2272 1156 2314 esse
1184 2271 1260 2314 con-

195 2358 368 2419 iunctiones
391 2369 426 2419 ut
449 2368 502 2421 aut
526 2380 573 2421 ne.
620 2358 674 2422 Illa
698 2361 795 2424 immo
819 2358 885 2420 sine
909 2355 1006 2420 dubio
1030 2359 1187 2442 antiquior
1211 2369 1259 2421 est

196 2471 359 2526 structura.
407 2463 525 2528 Notum
550 2467 633 2528 enim
658 2476 713 2544 est,
737 2475 768 2527 et
790 2485 850 2527 nos
873 2485 1003 2549 quoque
1032 2467 1062 2528 in
1086 2467 1259 2546 interroga-

195 2571 333 2633 tionibus
366 2573 498 2656 obliquis
531 2570 698 2636 tractandis
731 2592 970 2655 cognoscemus,
1004 2573 1033 2634 in
1063 2573 1167 2654 prisco
1195 2591 1258 2633 ser·

196 2697 293 2739 mone
317 2698 400 2761 quae
424 2689 536 2762 postea
560 2684 719 2745 enuntiata
742 2681 911 2764 syntactice
940 2680 981 2740 ita
1005 2689 1037 2741 ut
1061 2679 1192 2741 alterurn
1217 2680 1256 2741 ab

196 2785 296 2849 altero
314 2785 449 2868 pendeat
471 2789 682 2868 ponebantur,
706 2787 894 2870 paratactice
918 2787 960 2849 ita
982 2796 1017 2848 ut
1039 2787 1085 2847 sui
1106 2783 1258 2868 quodque

197 2894 269 2955 iuris
298 2895 336 2956 sit
367 2904 570 2974 ponerentur.
619 2895 790 2958 Dicebatur
820 2893 911 2976 igitur
941 2910 1014 2972 pro:
1048 2889 1121 2954 dato
1155 2892 1260 2954 bubus

199 3009 234 3061 ut
257 3001 365 3063 bibant
388 3002 459 3084 gieb
480 2999 540 3073 den
560 3001 697 3075 chsen,
724 2998 820 3062 damit
840 3000 884 3061 sie
900 2998 1039 3060 trinken:
1064 2995 1138 3061 dato
1156 2999 1261 3061 bubus

197 3109 305 3172 bibant
328 3109 399 3191 gleb
425 3105 485 3170 den
503 3109 643 3185 Ochsen;
669 3109 712 3170 sie
737 3114 854 3189 mugen
874 3105 1008 3168 trinken.
1055 3105 1259 3188 Quamquam

198 3217 280 3279 enim
305 3212 435 3278 dubium
460 3225 516 3292 est,
540 3236 616 3278 num
639 3215 731 3278 fuerit
754 3223 889 3296 tempus,
914 3233 978 3296 quo
1002 3211 1086 3274 nulla
1109 3212 1165 3274 nisi
1188 3213 1259 3273 sim·

198 3323 288 3407 plicia
314 3325 473 3387 enuntiata
501 3334 618 3401 essent,
653 3323 702 3385 illa
729 3341 825 3405 quam
853 3338 947 3401 supra
974 3319 1066 3399 posui
1093 3309 1145 3380 lex
1173 3317 1259 3382 nullo

198 3425 295 3491 modo
325 3432 433 3512 negari
460 3440 565 3511 potest
593 3439 624 3492 et
647 3429 750 3492 multis
774 3427 839 3489 aliis
862 3421 1121 3506 comprobatur.2)

305 3533 364 3597 Ne.
411 3536 483 3599 Hoc
508 3556 605 3599 unum
626 3532 757 3610 adnoto,
781 3555 821 3596 ne
838 3531 937 3594 semel
961 3532 991 3594 in
1008 3532 1169 3594 enuntiato
1185 3551 1261 3595 con·

199 3642 340 3704 secutivo
364 3650 549 3725 usurpatum
574 3664 643 3705 esse
671 3653 754 3718 15‚7:
791 3641 832 3703 ita
855 3636 1010 3718 aedifices,
1033 3659 1074 3702 ne
1098 3638 1170 3700 villa
1192 3638 1259 3700 lun-

306 3814 327 3886 1)
346 3820 377 3870 cl.
397 3819 492 3869 Holtze
512 3820 529 3868 l.
548 3820 566 3873 l,
587 3821 617 3869 ll.
638 3834 662 3882 p.
686 3816 735 3864 166
754 3833 808 3882 sqq.
847 3816 907 3865 Brix
927 3816 959 3865 ad
977 3817 1046 3867 Trin.
1067 3831 1091 3865 v,
1110 3823 1170 3874 591.

304 3905 326 3974 2)
346 3909 376 3957 cl.
396 3914 454 3957 ante
473 3909 557 3957 omnia
576 3907 692 3957 Paetrolt
712 3909 728 3957 l.
749 3907 775 3963 1,,
795 3905 924 3955 Luebbert
944 3905 961 3954 l.
980 3904 1079 3954 Becker
1098 3905 1140 3954 De
1158 3903 1260 3967 syntaxi

200 3998 425 4062 interrogationum
462 3999 634 4062 obliquorum.
686 3996 854 4046 Studemund.
883 3993 989 4044 Studien
1018 3995 1038 4044 1.
1068 3989 1145 4059 (neu.
1174 3990 1262 4057 1873),

199 4087 295 4151 Jordan
315 4086 381 4137 Krit.
401 4085 479 4137 Beitr.
499 4102 524 4150 p.
544 4091 604 4144 337.
