2766 4628
270 1482 555 1603 Antiquissimum
588 1519 802 1582 testimonium
829 1519 984 1581 sermonis
1016 1517 1100 1581 latini
1122 1518 1226 1595 soluti,

162 1625 250 1712 quod
268 1625 308 1690 ad
325 1635 461 1690 aetatem
478 1635 618 1689 nostram
630 1626 774 1710 pervenit
790 1623 832 1701 M,
845 1621 939 1687 Porci
952 1624 1080 1688 Catonis
1093 1624 1226 1689 Censori

161 1733 239 1795 liber
263 1730 302 1794 de
326 1727 561 1816 agricolatural)
586 1740 641 1792 est.
688 1728 784 1812 Quod
807 1732 955 1813 scriptum
979 1739 1010 1793 et
1034 1732 1077 1793 ob
1094 1733 1226 1816 antiqui-

161 1847 259 1902 tatem
295 1847 327 1901 et
361 1838 403 1900 ob
435 1838 538 1899 virum
562 1837 673 1918 ipsum,
704 1837 757 1920 qui
781 1833 812 1898 id
835 1836 978 1914 confecit,
1005 1837 1225 1920 gravissimum

161 1944 253 2008 nobis
286 1965 356 2007 esse
391 1939 432 2005 ad
455 1951 635 2026 temporum
658 1942 785 2005 illorum
808 1950 840 2004 et
863 1939 1081 2005 condicionem
1105 1953 1136 2007 et
1159 1965 1224 2007 ser-

161 2070 291 2113 monem
314 2045 582 2132 cognoscendum,
606 2045 748 2110 disertius
772 2048 928 2132 explicare
951 2069 1017 2112 non
1040 2051 1115 2112 mihi
1143 2070 1224 2136 opus

161 2159 210 2221 sit.
258 2154 369 2240 Neque
391 2164 499 2218 tamen
523 2176 564 2218 eo
588 2156 676 2238 quasi
699 2151 912 2230 fundamento,
942 2157 973 2219 in
996 2176 1065 2240 quo
1084 2167 1224 2222 ceterum

160 2261 338 2326 aedificium
361 2263 498 2344 positum
522 2263 569 2341 sit,
592 2258 696 2325 adbuc
719 2263 763 2324 uti
786 2281 964 2346 possumus,
988 2259 1076 2346 quod
1096 2265 1225 2329 minime

160 2371 218 2432 viri
253 2366 336 2432 docti
371 2365 410 2430 de
435 2370 497 2431 hoc
522 2369 637 2451 scripto
665 2369 875 2431 consentiunt.
924 2368 1070 2452 Vulgaris
1095 2368 1223 2451 quidem

160 2496 198 2538 ea
211 2472 306 2538 hodie
318 2476 369 2543 est
384 2475 549 2550 sententia,
567 2493 640 2536 eum
656 2473 769 2536 librum
782 2494 877 2558 quem
890 2495 949 2537 nos
961 2496 1044 2539 nunc
1058 2478 1221 2556 habemus,

159 2583 213 2644 vix
249 2581 377 2645 Catonis
411 2581 523 2643 librum
555 2580 710 2643 nominari
744 2600 851 2665 posse,
882 2600 954 2643 cum
990 2603 1096 2645 sermo
1128 2583 1223 2668 plane

158 2696 307 2763 mutatus,
341 2684 421 2750 ordo
445 2683 538 2750 foede
561 2686 715 2766 turbatus,
742 2685 841 2750 multa
864 2687 990 2767 omissa,
1016 2687 1077 2752 alia
1100 2687 1223 2754 adiecta-

157 2796 226 2857 sint.
273 2793 322 2857 Ac
355 2794 474 2874 primus
502 2789 630 2876 quidem
658 2794 801 2855 omnium
825 2793 984 2857 Gesnerus
1006 2796 1122 2879 scriptt.
1147 2817 1172 2859 r.
1195 2817 1221 2861 r.

157 2901 254 2985 praef.
288 2922 319 2985 p.
349 2900 371 2963 Ι.
401 2921 469 2984 sqq.
504 2898 535 2961 id
570 2896 789 2962 demonstrare
824 2909 956 2963 conatus
991 2895 1047 2978 est,
1082 2922 1221 2987 eumque

157 3004 386 3081 Schneiderus,
422 3001 646 3080 bernhardus,
678 3005 840 3086 Baehrius‚
871 3004 1056 3088 Teuffelius,
1090 3008 1220 3085 Keilius,

157 3113 208 3177 alii
230 3114 328 3176 secuti
351 3121 432 3174 sunt.
478 3112 601 3192 Quibus
624 3111 772 3173 omnibus
787 3110 882 3192 solus,
905 3109 992 3196 quod
1012 3112 1140 3196 quidem
1157 3136 1219 3198 ego

157 3219 265 3295 sciam,
283 3214 480 3281 Reinholdus
493 3216 587 3282 Klotz
606 3216 732 3294 obstitit,
756 3219 809 3301 qui
832 3219 863 3281 in
879 3221 1151 3301 commentariolo
1170 3223 1220 3285 cui

159 3324 342 3388 inscribitur.
389 3323 518 3399 „Ueber
538 3320 588 3385 die
603 3323 840 3406 urspriingliche
860 3323 980 3387 Gestalt
1003 3327 1068 3388 von
1088 3325 1129 3388 Μ.
1142 3326 1219 3391 Por-

156 3431 221 3493 cius
246 3429 344 3492 Catos
367 3429 478 3493 Schrift
500 3429 552 3492 De
575 3449 610 3491 re
633 3429 759 3491 rustica.
805 3429 866 3492 Ein
888 3430 1016 3514 Beitrag
1049 3451 1106 3495 zur
1133 3433 1218 3498 latei-

155 3522 284 3599 nischen
297 3536 665 3620 Literaturgeschichte.“
689 3533 874 3598 Fleckeisen
894 3556 965 3599 ann.
978 3537 1052 3623 phil.
1075 3541 1218 3625 suppr

155 3643 284 3721 a1884.
308 3642 384 3706 locis
409 3643 537 3705 Catonis
560 3643 689 3705 nomine
712 3643 751 3706 ab
775 3642 839 3705 aliis
861 3643 1064 3723 scriptoribus
1087 3643 1218 3710 laudatis

156 3770 227 3812 curn
264 3751 332 3812 eius
366 3749 446 3813 libro
480 3750 671 3834 comparatis
706 3747 822 3811 docere
853 3746 970 3812 studuit
1003 3746 1096 3826 „dass
1120 3752 1217 3816 Catos

154 3855 267 3919 Schrist
301 3856 462 3918 sicheriich
493 3857 534 3918 im
560 3855 799 3919 Wesentiichen
833 3853 1045 3918 unver'andert
1077 3858 1132 3920 auf
1157 3878 1216 3922 uns

260 4064 282 4128 1)
300 4065 343 4116 Sic
362 4084 378 4117 a
396 4067 483 4118 Keilio
502 4067 640 4117 novissimo
661 4068 716 4117 libri
736 4067 833 4118 editore
853 4069 875 4117 ei
893 4065 1045 4131 inscriptum
1064 4076 1111 4121 cst.

1002 4169 1018 4224 l
