2766 4628
677 267 717 331 16

164 444 350 526 perantiqua
381 445 426 506 sit.
488 447 640 513 Conleras
671 470 792 536 quaeso
827 452 943 533 priscas
979 451 1044 516 illas
1077 453 1226 516 formulas

164 549 468 634 magistratuumque
490 555 620 618 nomina
642 567 692 622 ut:
716 555 768 619 lex
791 556 899 640 parieti
923 554 1068 621 faciundo
1093 558 1127 621 C.
1146 560 1172 643 J.
1189 559 1225 621 L.

164 652 185 729 Ι,
209 665 273 729 557
297 655 348 717 lex
372 660 479 720 censui
506 656 707 746 censendol)‚
734 659 781 725 IIl
810 664 867 726 viri
895 662 1038 726 coloniae
1067 661 1225 729 deducen-

164 757 232 825 dae.
276 763 308 828 X
341 767 399 828 viri
432 766 564 830 stlitibus
599 765 778 845 indicandis,
812 769 932 852 legibus
965 770 1148 854 scribendis3
1177 770 1225 836 Ill

163 869 220 931 viri
251 891 330 934 auro
362 892 436 936 aere
468 884 601 957 argento
640 874 746 939 flando
778 874 930 953 leriuud0,
963 880 1060 942 muris
1089 880 1226 942 turribus

162 975 344 1058 reficiendis,
368 979 424 1042 viis
440 978 618 1065 purgandis,
643 980 826 1046 sternendis.
872 981 906 1045 ΙΙ
930 985 986 1047 viri
1010 985 1066 1047 iuri
1089 981 1224 1048 dicundo

162 1092 219 1144 cet.
267 1081 423 1166 jordanus
458 1088 487 1150 in
515 1088 605 1163 libro,
633 1091 682 1152 cui
715 1090 866 1174 inscripsit
894 1090 1050 1153 Kritiscbe
1079 1092 1225 1175 Beitriige

162 1207 203 1249 ex
235 1208 300 1272 quo
335 1191 385 1255 illa
411 1194 518 1276 petivi,
546 1192 676 1259 adnotat
708 1217 738 1280 p.
768 1195 844 1260 286:
875 1196 1114 1281 Brachylogisch
1148 1195 1225 1260 wird

161 1296 240 1357 auch
254 1297 322 1360 hier
335 1299 454 1362 iiberall
468 1298 524 1363 der
537 1300 658 1384 Begriff
666 1299 747 1380 dicti,
771 1305 867 1365 creati
883 1329 919 1354 =
934 1304 987 1386 qui
1006 1312 1078 1365 sunt
1100 1303 1152 1364 bei
1169 1301 1225 1365 der

162 1401 394 1487 Umwandluug
426 1403 481 1469 der
514 1407 562 1470 tur
594 1404 644 1471 die
682 1408 879 1492 Emennung
916 1409 1061 1472 iiblicheu
1095 1409 1224 1473 Formel

161 1510 190 1571 in
226 1506 287 1572 den
315 1509 401 1573 Titel
434 1512 639 1595 lortgelasseu
672 1513 735 1577 und
769 1517 815 1590 ist,
848 1536 943 1578 weuu
975 1536 1049 1578 man
1081 1537 1118 1579 so
1151 1514 1224 1596 will,

161 1613 308 1698 elliptisch
325 1612 442 1679 diesem
467 1617 741 1685 hinzuzudenken.
789 1623 854 1684 Suo
878 1623 946 1684 iure
966 1620 1078 1685 adiecit
1102 1620 1151 1684 ille
1175 1624 1223 1684 vir

160 1718 271 1783 doctus
294 1743 409 1800 „wenn
440 1745 513 1788 man
545 1746 582 1788 so
616 1725 709 1791 vvill‘.
756 1727 835 1792 Mira
865 1729 948 1791 euim
983 1749 1035 1791 res
1066 1742 1114 1789 est
1143 1729 1222 1790 haec

159 1828 332 1891 verborum
355 1838 409 1892 aut
432 1833 598 1896 notionum
622 1833 735 1918 ellipsis
759 1844 793 1896 ut
809 1844 948 1898 vocatur.
979 1834 1083 1909 Certe,
1108 1838 1143 1896 ut
1167 1854 1222 1896 ex-

159 1935 297 2017 emplum
325 1934 465 2013 afferam,
499 1940 529 2001 in
557 1939 675 2001 verbis:
710 1937 860 2022 pabulum
888 1941 992 2001 bubus
1029 1940 1222 2002 vocabulum

159 2043 262 2105 bubus
287 2063 350 2106 uon
374 2052 439 2107 tam
463 2053 530 2108 arte
555 2045 704 2109 cohaeret
732 2065 804 2108 cum
835 2064 916 2109 voce
939 2044 1100 2128 pabulum,
1124 2064 1220 2128 quam

159 2148 295 2232 exempli
330 2152 430 2232 gratia
457 2152 488 2213 in
522 2153 626 2214 verbis
661 2153 771 2215 hortus
799 2152 895 2236 patris
928 2170 993 2214 vox
1021 2151 1116 2235 patris
1147 2170 1218 2212 curn

159 2275 240 2317 voce
263 2257 384 2331 hortus,
409 2254 438 2318 id
463 2267 510 2319 est
533 2259 564 2321 in
587 2255 695 2320 dativo
718 2267 871 2322 nontam
894 2257 993 2320 finalis
1017 2259 1105 2319 notio
1130 2259 1220 2332 inest,

158 2381 253 2446 quam
281 2364 312 2425 in
345 2364 493 2445 genetivo
521 2365 610 2427 notio
639 2363 763 2446 originis
792 2364 841 2427 vel
874 2364 1090 2447 possessionis.
1137 2361 1220 2427 Num

157 2479 264 2533 autem
288 2469 469 2552 putabimus
492 2469 659 2533 Romanos
683 2488 755 2532 cum
780 2469 916 2533 dicerent
940 2470 1091 2552 pabulum
1115 2470 1220 2532 bubus

157 2587 264 2640 mente
300 2597 427 2660 semper
464 2577 670 2661 supplevisse:
707 2577 858 2660 pabulum
897 2575 984 2660 quod
1010 2584 1066 2639 est
1100 2576 1220 2639 bubus?

158 2683 285 2747 lllinirne
308 2704 393 2746 vero.
439 2684 490 2745 De
514 2683 610 2768 ellipsi
633 2685 725 2766 igitur
746 2685 800 2746 vix
823 2681 881 2747 dici
904 2680 1008 2746 debet.

264 2787 386 2870 Quodsi
417 2798 523 2852 autem
550 2792 721 2872 quaeritur,
749 2791 802 2872 qui
825 2789 939 2852 lactum
963 2791 1010 2865 sit,
1041 2799 1075 2852 ut
1104 2791 1134 2852 in
1157 2792 1218 2852 hoc

157 2897 225 2980 ipso
255 2896 385 2959 Catonis
418 2895 497 2958 libro
526 2895 575 2957 bic
604 2894 699 2960 dativi
727 2915 803 2958 usus
825 2905 889 2959 tam
913 2916 1009 2980 saepe
1033 2897 1218 2971 inveniatur,

156 3005 218 3065 hoc
257 2998 513 3087 respondendum
557 3004 633 3065 mihi
671 3000 793 3065 videtur
838 3023 916 3065 esse.
977 2999 1144 3064 Brevitatis
1187 3010 1219 3062 et

156 3111 383 3197 perspicuitatis
416 3127 512 3170 causa
548 3126 623 3171 usus
656 3108 705 3170 ille
737 3117 825 3171 ortus
858 3117 919 3188 est,
954 3128 1078 3172 summa
1111 3116 1217 3170 autem

156 3220 294 3281 brevitas
326 3235 513 3298 summaque
545 3217 575 3278 in
607 3215 734 3298 siugulis
769 3216 864 3279 rebus
893 3217 1096 3298 perspicuitas
1124 3223 1159 3275 ut
1187 3215 1217 3275 in

155 3323 233 3386 libro
268 3344 327 3387 suo
365 3323 442 3402 insit,
479 3320 509 3384 id
543 3324 711 3408 praecipue
743 3323 887 3386 Catonen
924 3341 1057 3405 operam
1096 3316 1218 3380 dedisse

155 3439 294 3515 apparet.

262 3534 411 3597 Proxime
434 3533 474 3598 ad
497 3535 580 3598 hunc
604 3532 746 3597 dativum
769 3529 928 3596 commodi
952 3526 1071 3594 accedit
1094 3527 1217 3592 dativus

155 3641 208 3723 qui
237 3641 356 3703 ethicus
389 3641 484 3725 vulgo
518 3651 663 3717 vocatur,
696 3661 791 3724 quem
827 3648 858 3701 et
894 3639 997 3722 ipsum
1027 3634 1110 3701 haud
1144 3657 1216 3699 raro

155 3743 238 3827 apud
263 3745 417 3810 Catonem
451 3744 649 3822 offendimus,
685 3755 733 3808 ut:
765 3757 857 3824 47‚2:
891 3751 1004 3827 postea
1032 3746 1134 3824 capito
1162 3744 1216 3805 tibi

154 3852 313 3916 surculum
339 3865 448 3931 70,15:
478 3854 540 3916 hoc
569 3855 675 3916 vinum
700 3852 822 3916 durabit
850 3852 902 3913 tibi
927 3871 1027 3935 usque
1050 3848 1091 3913 ad
1115 3850 1214 3912 solsti-

259 4080 279 4147 1)
299 4083 331 4132 cf.
350 4083 492 4132 Mommsen
505 4081 662 4130 Staatsrecht
682 4077 720 4130 11²
739 4097 763 4144 p.
784 4082 844 4136 360.
