2766 4628
665 235 707 300 86

155 415 285 497 cogitari
309 424 414 497 potest
437 435 484 493 ea,
509 434 579 477 cum
603 418 698 478 totius
722 416 788 479 libri
812 436 918 479 sermo
944 426 1125 497 mutaretur,
1153 438 1222 481 non

156 543 225 584 esse
249 521 386 583 mutata?

541 660 573 731 4.
598 658 645 732 De
667 656 839 732 infinitivo.

267 771 302 833 In
335 771 587 854 inscriptionibus
622 769 806 833 infinitivum
843 768 1031 834 offendimus
1061 793 1118 855 pro
1144 793 1222 835 con·

156 877 314 940 iunctione
343 897 413 939 cunr
440 879 540 940 verbo
564 876 660 956 finito,
691 886 725 939 ut
750 889 835 956 73,ss
861 876 1003 940 Odorem
1029 876 1221 943 deteriorem

155 980 285 1045 demere
302 985 375 1046 vino
389 1006 501 1067 :quo
518 982 617 1047 modo
641 981 775 1046 odorem
800 981 987 1048 deteriorem
1012 987 1085 1048 vino
1110 984 1220 1049 demas

156 1090 191 1151 cf.
218 1101 303 1169 21,7:
329 1091 425 1152 sorba
447 1093 477 1152 in
501 1111 576 1175 sapa
601 1087 739 1153 condere
763 1090 812 1153 vel
836 1093 959 1155 siccare.
986 1091 1074 1167 76,r:
1100 1092 1221 1156 Vinum

155 1194 195 1258 ad
222 1196 329 1259 alvum
365 1196 558 1260 movendam
598 1198 796 1259 concinnare·
839 1211 943 1277 77‚15.
998 1199 1114 1261 Vinunr
1143 1219 1222 1261 con·

157 1305 282 1366 cinnare
305 1305 330 1366 si
353 1303 462 1366 lotium
495 1302 644 1367 difficilius
669 1305 817 1367 transibit.
850 1315 958 1380 79,15:
984 1304 1220 1368 Habitationem

158 1407 307 1472 delutare.
368 1410 546 1474 Sufficiebat
582 1408 733 1485 videlicet,
767 1420 801 1473 ut
831 1430 927 1493 quam
961 1413 1145 1474 brevissime
1180 1432 1220 1474 ea

157 1535 238 1598 quae
265 1518 461 1599 potissimum
496 1527 681 1580 tractaturus
716 1526 784 1580 erat
818 1518 848 1579 in
880 1517 980 1597 capite
1011 1519 1040 1580 in
1069 1520 1219 1601 principio

156 1632 350 1702 notarentur,
374 1625 507 1687 verbum
531 1624 632 1687 solum
657 1644 729 1686 curn
747 1625 872 1686 obiecto
889 1642 948 1684 suo
964 1643 1094 1704 ponere.
1140 1625 1219 1687 item

157 1729 341 1793 infinitivum
376 1729 594 1812 explicandam
629 1752 699 1792 esse
727 1749 858 1792 censeo:
883 1742 1001 1808 99,17:
1036 1752 1076 1794 eo
1112 1727 1219 1794 addito

158 1836 263 1899 oleum
288 1838 373 1901 bene
397 1847 427 1899 et
460 1838 557 1900 salem
589 1846 619 1898 et
652 1837 764 1898 cumini
797 1835 970 1918 paululum,
1006 1837 1220 1901 infervetacito

159 1942 325 2027 paulisper.
350 1955 462 2029 postea
485 1941 556 2006 inde
580 1943 732 2005 iusculum
756 1940 900 2026 frigidum
923 1945 1054 2005 sorbere
1072 1953 1102 2007 et
1120 1945 1220 2026 ipsam

159 2052 326 2115 brassicam
350 2073 429 2130 esse,
452 2053 496 2112 uti
520 2071 614 2132 quarn
638 2052 772 2133 primum
797 2059 1000 2133 excoquatur.

269 2157 341 2221 Non
372 2159 455 2219 eninr
491 2154 549 2218 dici
584 2177 678 2242 posse
712 2158 855 2236 arbitror,
886 2156 1070 2219 infinitivum
1099 2158 1158 2235 hic,
1186 2165 1221 2219 ut

158 2265 339 2347 saepissime
366 2267 397 2326 in
425 2265 530 2346 lingua
558 2283 673 2347 graeca
696 2272 727 2325 et
751 2265 825 2324 item
850 2282 1012 2346 germana,
1045 2265 1221 2348 imperativi

159 2371 263 2433 locuni
282 2379 400 2433 tenere.
437 2368 468 2432 Id
489 2372 520 2433 in
537 2371 641 2452 lingua
658 2369 753 2432 latina
769 2389 941 2450 numquam
964 2370 1078 2433 facturn
1095 2368 1223 2432 videtur

160 2478 271 2557 esse.¹)
323 2475 385 2540 Sed
415 2479 516 2561 posita
545 2486 592 2539 est
619 2476 797 2559 simpliciter
824 2477 911 2539 notio
939 2477 1037 2551 verbi,
1066 2496 1148 2558 quae
1176 2478 1221 2538 in-

159 2585 279 2648 finitivo
303 2586 495 2669 exprimitur,
525 2604 583 2667 pro
608 2583 709 2645 verbo
734 2582 820 2644 finito
851 2584 937 2644 utin
962 2584 1220 2666 inscriptionibus.

159 2690 240 2754 Item
265 2693 349 2754 eninr
373 2699 407 2753 ut
430 2711 501 2753 cunr
526 2688 565 2752 de
589 2711 623 2753 re
639 2690 741 2773 aliqua
765 2690 866 2771 agitur
890 2691 1103 2751 accusativum
1127 2690 1221 2752 abso-

159 2797 224 2860 lute
248 2799 336 2880 quasi
360 2799 435 2880 poni
460 2794 621 2874 vidinrus²)
647 2799 723 2859 item
747 2815 817 2858 curn
843 2793 881 2857 de
906 2796 1028 2858 actione
1052 2796 1154 2879 aliqua
1176 2799 1223 2859 in·

159 2903 292 2968 finitivus
315 2915 492 2985 usurpatur.

268 3011 389 3074 Crebro
422 3007 506 3094 apud
543 3010 699 3072 Catonem
741 3008 834 3090 plane
872 3008 1006 3069 nominis
1037 3009 1221 3072 substantivi

161 3140 294 3183 munere
319 3119 465 3201 iungitur,
489 3128 536 3179 ut:
561 3117 676 3192 „3b‚1:
703 3115 786 3194 Quid
803 3124 850 3177 est
868 3133 980 3196 agrum
998 3115 1078 3176 bene
1099 3116 1224 3178 colere?

161 3229 242 3289 bene
251 3246 351 3288 arare.
365 3222 447 3305 Quid
457 3221 650 3285 secundum?
663 3241 763 3284 arare.
780 3218 853 3304 quid
863 3222 1006 3284 tertium?
1019 3226 1223 3285 stercorare.“

163 3332 224 3394 Ubi
237 3333 410 3394 subiectum
424 3338 471 3392 est
484 3331 566 3391 bene
586 3329 701 3405 colere,
719 3325 933 3412 praedicatum
952 3349 1041 3392 arare
1059 3338 1090 3391 et
1103 3339 1221 3391 sterco-

162 3451 240 3500 rare'.
286 3439 421 3500 Subiecti
438 3438 522 3498 vices
539 3437 657 3498 obtinet
675 3436 722 3497 his
741 3455 868 3519 quoque
884 3436 974 3498 locis:
999 3435 1089 3509 5b,6:
1115 3444 1222 3498 cetera

163 3544 283 3608 cultura
311 3554 358 3607 est
387 3542 519 3605 muitum
547 3562 653 3604 serere
681 3552 713 3604 et
743 3539 905 3624 diligenter
932 3543 1074 3604 eximere
1101 3543 1223 3605 semina

165 3661 196 3714 et
219 3671 276 3734 per
312 3662 438 3732 tenipus
472 3645 593 3711 radices
622 3668 717 3731 quarn
750 3648 883 3732 plurima
917 3668 987 3711 cunr
1021 3658 1105 3711 terra
1132 3649 1223 3711 ferre.

168 3773 252 3835 lla:
288 3758 345 3820 Est
377 3752 535 3819 interdum
566 3766 727 3840 praestare
759 3758 943 3820 mercaturis
966 3776 1033 3819 rem
1057 3775 1220 3838 quaerere.

160 3917 371 3925 -ηὴ-ι

268 3967 288 4036 ¹)
308 3968 339 4018 cf.
359 3967 491 4017 Golenslri.
528 3969 570 4018 De
596 3969 711 4019 infinitivi
734 3970 802 4034 apud
826 3974 918 4033 poetas
944 3969 1036 4018 latinos
1056 3983 1112 4017 usu.
1132 3983 1158 4031 p.
1179 3973 1220 4023 53.

267 4055 288 4124 2)
309 4057 339 4107 cf·
360 4073 385 4121 n·
406 4057 420 4105 8
440 4073 495 4123 snu-
571 4096 573 4100 -
