2766 4628
710 239 751 303 56

197 439 292 512 atque
316 447 378 510 ego
408 422 532 509 quidem
561 423 704 496 arbitror,
734 417 934 484 erodienses
963 416 1099 478 noluisse
1129 432 1189 476 nos
1217 412 1260 473 ita

197 534 390 618 depugnare,
423 533 467 594 uti
499 528 714 613 depugnatum
748 537 812 606 est,
851 546 955 608 neque
995 542 1104 606 regern
1139 519 1259 583 Persen

196 637 316 718 vincil)
365 639 462 723 Epist.
495 635 533 699 de
562 637 634 700 Bac.
666 634 719 715 (C.
749 635 775 718 J.
807 633 844 696 L.
870 632 891 710 l,
925 627 1060 709 196‚12.)
1089 647 1171 690 neve
1198 644 1258 706 pro

195 744 400 827 magistratud
424 766 528 829 neque
553 747 654 808 virum
679 761 784 825 neque
804 741 967 804 mulierem
990 740 1139 823 quiquam
1164 736 1259 799 lecise

195 855 280 918 velit.
332 853 441 936 Atque
475 854 588 916 crebro
620 848 702 931 apud
736 849 879 912 Plautum
912 857 947 910 ut
979 847 1062 910 Men.
1098 844 1137 926 Il,
1168 859 1257 925 3‚20:

195 981 299 1044 neque
329 958 359 1022 id
388 957 473 1022 haud
501 959 656 1021 immerito
682 953 776 1039 tuo2)
829 952 866 1019 In
895 957 1066 1018 enuntiatio
1095 952 1181 1038 quod
1210 964 1258 1018 est

195 1082 284 1147 92),ss
310 1088 440 1144 „omnes
465 1069 595 1144 iurant0,
619 1112 625 1125 .
651 1113 659 1128 .
683 1114 689 1126 .
714 1086 784 1127 sese
809 1062 848 1127 de
870 1061 966 1128 fundo
991 1065 1027 1128 L.
1043 1064 1136 1127 Manli
1152 1084 1259 1148 neque

195 1177 289 1239 alium
322 1194 517 1258 quemquam
553 1192 612 1235 suo
646 1169 721 1235 dolo
754 1172 839 1235 malo
872 1173 979 1234 oleum
1014 1190 1119 1255 neque
1152 1170 1257 1233 oleam

194 1280 404 1363 subripuisse“
429 1283 472 1342 sic
496 1290 563 1342 erat
588 1276 771 1341 dicendum:
797 1299 909 1341 omnes
933 1280 1065 1352 iuranto,
1089 1298 1160 1341 sese
1186 1327 1192 1341 .
1218 1324 1225 1338 .
1251 1325 1257 1338 .

195 1396 251 1449 aut
281 1387 374 1449 alium
408 1406 601 1470 quemquam
627 1433 633 1445 .
659 1431 667 1446 .
692 1433 698 1445 .
723 1386 828 1447 oleum
862 1394 920 1447 aut
950 1385 1054 1448 oleam
1085 1407 1149 1449 nou
1183 1386 1258 1448 sub-

195 1494 333 1577 ripuisse.
382 1491 515 1575 Negatio
539 1494 630 1575 igitur
654 1513 695 1554 ex
720 1511 778 1554 suo
796 1492 866 1554 loco
888 1493 1010 1555 sublata
1033 1494 1078 1553 bis
1102 1492 1258 1574 particulis

194 1609 247 1661 aut
270 1596 377 1660 addita
400 1607 455 1660 est.

300 1705 446 1787 Denique
475 1703 513 1766 (le
542 1726 647 1788 neque
676 1726 734 1788 pro
765 1725 830 1768 non
864 1706 965 1785 posito
996 1705 1069 1766 milii
1096 1700 1256 1785 agendum

196 1820 251 1873 est.
279 1813 368 1887 88‚7:
394 1811 589 1895 „Marspater
612 1814 637 1874 si
661 1810 733 1895 quid
758 1813 810 1874 tibi
834 1813 865 1874 in
888 1811 981 1874 illisce
1005 1809 1258 1873 suouitaurilibus

194 1917 378 1981 lactentibus
402 1938 508 2001 neque
532 1918 722 1981 satisfactum
747 1928 802 1993 est,
830 1928 862 1981 te
890 1920 975 1980 lrisce
1003 1914 1256 1981 suovitaurilibus

193 2023 352 2104 piaculo.“
400 2023 588 2107 lten188,9.
634 2023 699 2087 Nec
733 2045 791 2109 pro
819 2045 884 2087 non
909 2045 945 2087 ac
969 2026 1165 2104 potissimum
1189 2025 1255 2105 qui-

195 2127 267 2192 dem
291 2133 321 2193 in
345 2132 627 2216 compositionibus
649 2131 866 2213 (necopinans,
890 2131 1069 2214 neglegens
1091 2131 1255 2211 negotium

193 2237 264 2307 cet.)
298 2234 355 2299 dici
387 2241 467 2301 inter
499 2259 611 2302 omnes
644 2249 775 2301 constat.
821 2239 934 2301 Festus
957 2240 999 2300 ait
1027 2258 1077 2320 pg.
1106 2237 1165 2300 162
1192 2235 1252 2315 (ed.

193 2340 365 2426 Mueller.):
414 2343 495 2424 „uec
529 2345 793 2420 coniunctionem,
826 2345 1018 2427 grammatici
1053 2345 1118 2406 lere
1151 2340 1255 2406 dicunt

193 2471 263 2511 esse
299 2447 532 2514 dissinnctivam
571 2460 606 2514 ut
644 2472 702 2514 nec
742 2453 815 2532 legit
855 2469 914 2513 nee
957 2453 1077 2526 scribit,
1119 2471 1190 2514 curn
1230 2452 1255 2512 si

193 2555 367 2640 diligentius
402 2559 591 2642 inspiciatur,
630 2570 664 2621 ut
699 2558 769 2621 lecit
806 2560 928 2621 Sinnius
964 2559 1086 2642 Capito,
1119 2557 1255 2640 intellegi

192 2664 300 2746 possit,
330 2684 401 2725 eam
430 2666 563 2747 positam
599 2686 668 2728 esse
695 2667 735 2728 ab
764 2667 897 2749 antiquis
924 2685 984 2747 pro
1013 2686 1075 2728 non
1106 2676 1140 2727 ut
1168 2675 1200 2728 et
1224 2667 1254 2728 in

192 2767 253 2830 Xll
276 2780 336 2832 est:
367 2780 436 2844 „ast
460 2773 489 2831 ei
512 2782 619 2832 custos
647 2793 706 2835 nec
729 2775 832 2834 escit.“
857 2775 944 2836 item:
978 2774 1002 2834 si
1025 2769 1137 2835 adorat
1159 2772 1253 2848 lurto,

193 2872 278 2957 quod
312 2895 370 2938 nec
399 2875 595 2939 manifestum
624 2879 696 2954 erit,
726 2889 757 2940 et
780 2875 864 2958 apud
888 2876 1035 2942 Plautum
1059 2880 1090 2941 in
1108 2879 1254 2941 Fasmate

192 3001 272 3060 „nec
295 2992 381 3044 recte
405 2983 429 3043 si
452 2980 493 3044 illi
516 2980 648 3046 dixeris“
673 2995 705 3046 et
727 2983 900 3069 Turpilium
931 2987 960 3047 in
984 2986 1148 3047 Demetrio
1172 3006 1253 3060 „nec

190 3098 278 3149 recte
302 3086 358 3150 dici
381 3090 465 3164 mihi,
498 3087 582 3172 quorl
611 3092 672 3152 iam
704 3087 823 3151 dudum
852 3090 978 3154 audio.“
1030 3093 1138 3176 Atque
1166 3093 1253 3155 inve-

192 3195 274 3257 nitur
309 3197 422 3258 crebro
456 3194 539 3279 apud
563 3194 712 3260 Plautum
746 3217 805 3260 nec
839 3209 924 3261 recte
955 3218 1013 3280 pro
1038 3220 1102 3262 non
1126 3195 1251 3283 recte.3)
1303 3217 1307 3225 “

192 3299 335 3364 blandius
365 3305 407 3364 ait
442 3303 458 3364 l.
492 3303 510 3364 l.
539 3303 585 3367 lV
615 3325 644 3385 p.
669 3317 722 3382 97,
749 3325 853 3387 neque
882 3303 921 3367 acl
950 3307 1033 3368 hunc
1062 3325 1155 3368 usum
1179 3302 1251 3389 (pro

191 3403 264 3491 nec)
288 3428 354 3470 non
378 3406 550 3471 adhibitum
575 3431 644 3472 esse
673 3412 729 3472 nisi
752 3432 771 3474 a
794 3414 1020 3475 recentioribus
1050 3414 1252 3494 scriptoribus

192 3523 225 3574 et
248 3515 430 3595 exemplum
459 3514 564 3578 laudat
594 3537 635 3578 ex
663 3517 747 3579 bello
772 3516 989 3581 Alexandrino
1018 3520 1083 3598 (75-
1107 3519 1176 3602 63.)
1209 3520 1253 3584 At
1319 3549 1322 3555 ·

191 3619 303 3683 fallitur
326 3621 374 3683 ille
398 3623 444 3683 uir
468 3619 589 3687 doctus.
635 3621 715 3686 Nam
743 3624 874 3707 legimus
897 3624 980 3706 apud
1005 3626 1186 3691 Lucretium
1210 3629 1251 3702 V,

338 3798 391 3848 Ubi
410 3814 491 3862 nrque
511 3813 558 3862 pro
578 3805 602 3848 et
621 3800 731 3862 positum
752 3809 797 3854 est.

338 3889 369 3938 cf.
389 3888 448 3937 Brix
467 3888 506 3936 ad.
527 3890 551 3938 h.
573 3904 604 3944 u..
626 3891 669 3953 qui
688 3892 762 3955 plura
783 3893 856 3942 affert
876 3894 1003 3957 exempla.

295 3975 317 4042 ⁸)
337 3978 367 4026 cf.
389 3979 473 4029 Hand.
493 3979 510 4029 l.
531 3979 547 4030 l.
567 3980 613 4036 IV,
647 3995 672 4043 p.
696 3988 737 4037 97.
764 3981 856 4031 Holtze
882 3984 897 4033 l.
918 3984 935 4032 l.
962 3985 986 4032 ll
1005 3998 1030 4046 p.
1055 3989 1114 4040 323.
1135 3985 1252 4046 Draeger

192 4069 208 4116 l.
227 4068 245 4118 l.
265 4069 290 4117 11
309 4084 325 4133 p
346 4070 386 4123 67.
426 4069 536 4118 Corssen
557 4070 573 4118 l.
594 4070 609 4119 l.
628 4065 665 4126 II,
685 4068 745 4120 881.

64 4474 93 4507 ¹⁴,
136 4474 140 4481 .

26 4527 102 4595 l''assi'‘
111 4560 119 4571 ι.
