2766 4628
662 270 704 330 49

255 449 386 512 Porro

257 557 368 632 <porge
408 557 451 618 uti
476 556 572 638 possit
595 573 693 636 porro
718 553 849 614 libenter
872 573 948 614 esse.
999 551 1089 614 Valet
1118 553 1211 634 igitur

149 680 260 741 porro:
297 663 327 724 in
363 662 508 725 futurum.
544 661 580 722 cf.
613 659 668 742 irg.
704 658 816 734 36,15:
851 658 903 721 Me
926 657 1090 720 sollicitum
1114 669 1210 742 atque

149 769 325 830 exercitum
361 769 501 832 habitum
537 787 607 828 esse
629 774 726 848 atque
751 783 847 845 porro
872 763 947 826 fore.
995 762 1038 825 Pl.
1066 764 1128 826 Mil.
1153 766 1210 842 iv,

148 877 217 952 4,8;
243 897 302 939 vos
318 873 415 939 morlo
428 893 523 955 porro
539 882 573 934 ut
586 872 759 954 occepistis,
772 869 844 935 date
857 889 986 951 operam
999 867 1209 937 adiutabilem.

148 982 255 1066 Frgm.
280 995 386 1062 35,14.
417 994 463 1055 15.
487 979 584 1056 36,15
608 977 648 1041 de
672 979 743 1041 loco
768 988 815 1040 est
838 987 1030 1060 usurpatum.

252 1086 512 1161 Postremum,
537 1095 740 1169 postremo.

255 1192 458 1258 Postremum
481 1195 527 1255 bis
544 1190 642 1275 (42,1.
661 1184 761 1273 52,8.)
778 1198 941 1269 postremo
954 1189 1052 1251 semel
1066 1187 1207 1273 (80,15.)
1319 1286 1322 1293 Ι

146 1299 212 1361 sine
248 1301 479 1382 significationis
516 1296 688 1360 differentia
714 1304 865 1376 usurpata
898 1304 978 1370 suut,
1011 1316 1049 1358 ac
1078 1295 1207 1381 quidem

146 1406 242 1467 ambo
267 1406 386 1472 valent:
414 1407 537 1468 zuietzt.
563 1405 598 1467 cf.
614 1405 722 1485 fragm.
746 1403 831 1480 169:
857 1402 943 1464 Haut
960 1421 1016 1464 eos
1033 1423 1073 1465 eo
1085 1414 1206 1487 postre-

145 1532 232 1574 mum
257 1513 370 1593 scribo,
394 1514 467 1596 quin
491 1511 599 1596 popuii
622 1519 652 1572 et
677 1510 751 1572 boui
775 1520 806 1572 et
830 1509 947 1571 strenui
970 1510 1039 1571 sint.

251 1616 399 1682 Postea.

248 1723 425 1787 Memoratu
450 1721 582 1806 indignis
598 1723 835 1803 praetermissis,
858 1742 1077 1785 commemoro
1096 1721 1204 1799 mod0,

142 1850 220 1911 quas
244 1832 481 1892 coniunctiones
509 1837 581 1911 post
604 1849 638 1890 se
663 1828 788 1903 babeat,
824 1829 863 1890 ita
889 1838 923 1890 ut
950 1848 1009 1911 pro
1033 1838 1204 1911 postquam

141 1937 278 2018 positum
315 1938 369 1999 sit:
404 1944 517 2016 postea
551 1954 621 1997 cum
653 1935 759 2013 68,r2.
785 1935 870 2014 ὀφέ).
905 1916 1016 2018 postea
1044 1935 1097 1997 ubi
1120 1935 1201 2015 98,7.

138 2055 224 2119 99,1.
282 2042 395 2105 Mirum
431 2052 478 2104 est
512 2039 598 2125 quod
632 2061 806 2124 numquam
848 2050 917 2102 toto
940 2041 1019 2103 libro
1043 2044 1202 2105 coniuntio

138 2158 305 2230 postquam
342 2145 518 2222 offenditur,
548 2167 741 2230 quamquam
769 2149 835 2210 eius
858 2146 997 2230 ponendi
1020 2150 1202 2229 saepissime

138 2263 205 2316 erat
240 2256 375 2318 occasio.
426 2254 487 2317 Pro
524 2275 563 2317 ea
596 2264 648 2317 aut
680 2273 763 2336 quae
800 2274 895 2338 supra
926 2256 1018 2338 posui
1044 2265 1098 2318 aut
1126 2275 1200 2319 con·

135 2361 252 2422 iunctio
286 2361 338 2422 ubi
374 2359 511 2424 adhibita
545 2369 625 2422 suut.
674 2359 744 2423 Uno
778 2360 850 2423 loco
878 2363 1036 2424 invenitur
1061 2373 1135 2445 post
1158 2397 1201 2406 -

136 2483 246 2548 quam:
271 2478 381 2545 57,r5:
407 2477 479 2551 post
503 2465 585 2528 diem
598 2469 731 2543 tertiam,
756 2487 851 2549 quam
875 2467 956 2530 lecta
968 2469 1033 2530 erit.
1057 2466 1094 2530 In
1118 2462 1199 2550 fragss

136 2573 248 2634 mentis
282 2583 451 2656 postquam
486 2583 607 2655 quater,
643 2575 832 2636 creberrime
867 2571 950 2654 apud
983 2571 1131 2638 Plautum
1155 2576 1198 2637 in-

135 2679 269 2740 venitur.

240 2784 374 2863 Quam.

237 2889 348 2954 Liceat
371 2892 445 2953 mihi
468 2893 728 2974 praetermittere,
761 2912 843 2974 quae
867 2899 1045 2955 memoratu
1070 2890 1197 2976 indigua

131 2995 298 3062 videantur
323 3016 359 3063 ac
383 2993 423 3059 de
447 2998 614 3060 enuntiatis
637 2998 740 3060 solum
757 3020 839 3082 quae
856 2998 1012 3081 particulis
1035 3018 1131 3084 quam
1154 3032 1198 3043 —-

129 3112 193 3167 tam
217 3107 449 3188 coniunguntur
472 3102 636 3172 disserere„

236 3213 326 3291 57,8:
352 3229 447 3294 quam
467 3211 610 3272 citissime
623 3209 780 3284 conficies,
804 3219 868 3273 tam
884 3210 1022 3272 maxime
1038 3209 1193 3292 expediet.

130 3327 246 3390 57,11:
280 3335 352 3380 nam
379 3316 484 3378 oleum
509 3335 604 3398 quarn
629 3313 798 3378 diutissime
823 3317 853 3378 in
877 3336 1005 3379 amurca
1029 3326 1060 3378 et
1084 3319 1114 3380 in
1137 3318 1196 3381 fra·

130 3421 218 3483 cibus
242 3424 309 3496 erit,
334 3433 399 3486 tam
412 3420 616 3485 deterrimum
631 3423 697 3485 erit.
737 3421 851 3498 57,16:
878 3441 972 3503 quam
993 3425 1196 3489 acerbissima

126 3525 197 3589 olea
221 3527 328 3591 oleum
350 3529 455 3612 facies,
477 3537 542 3591 tarn
565 3527 673 3589 oleum
696 3529 851 3612 optimum
872 3531 937 3592 erit.
966 3524 1073 3606 103,2:
1098 3552 1194 3614 quam

124 3632 293 3715 plurimum
328 3633 436 3710 ederit,
472 3644 537 3697 tam
565 3619 709 3696 citissime
742 3654 837 3698 sanus
860 3635 914 3697 fiet
941 3656 981 3698 ex
1005 3640 1130 3701 morbo.
1155 3640 1192 3703 cf.

123 3738 179 3820 frg.
204 3741 293 3818 859:
327 3751 515 3804 veternosus
546 3740 828 3824 quamplurimum
853 3742 938 3822 bibit,
967 3751 1033 3806 tam
1056 3746 1193 3808 maxime

123 3844 193 3907 sitit.
210 3843 257 3909 Pl.
272 3846 344 3910 Aul.
359 3844 465 3927 23611)
495 3848 600 3928 Quam
611 3844 652 3909 ad
665 3849 784 3931 probos
796 3851 1027 3933 propinquitate
1037 3871 1193 3934 proxume

124 3985 337 3996 -—---—-

227 4053 250 4121 1)
269 4057 301 4107 cf.
324 4058 414 4122 Ussing
433 4058 465 4106 ad
485 4059 524 4108 Pl.
544 4059 605 4108 Aul.
625 4074 649 4111 v.
671 4058 730 4114 236.

979 4160 997 4211 4
