2766 4628
647 269 686 330 ‘ll

244 428 341 510 Tum:
372 460 478 527 101,7:
514 456 545 510 et
575 446 717 509 luxatum
750 442 861 530 siquod
886 456 942 521 est,
977 447 1022 508 bis
1046 443 1096 507 die
1119 464 1202 528 aqua

138 551 234 617 calida
258 554 377 617 foveto
409 554 539 630 103,16:
564 555 588 616 si
607 562 701 637 caput
719 562 773 615 aut
789 554 929 616 cervices
946 550 1053 615 dolent
1068 572 1108 614 eo
1125 551 1201 614 lotio

140 657 229 729 caldo
254 660 358 723 lavit0.
412 673 518 737 102‚3:
544 669 576 722 et
598 661 623 722 si
647 659 713 722 bilis
737 667 804 722 atra
827 669 884 733 est,
916 667 947 721 et
970 661 995 721 si
1019 658 1115 720 lienes
1138 666 1201 721 tur-

139 776 215 850 gent
238 771 267 829 el
291 768 315 828 si
339 786 394 829 cor
418 764 506 836 dolet
529 777 561 828 et
584 767 608 828 si
632 767 718 828 iecur
752 774 808 828 aut
838 764 1006 846 pulmones
1037 775 1091 827 aut
1114 784 1202 848 prae.-

139 869 255 951 cordia,
280 892 345 934 uno
370 873 468 934 verbo
493 873 600 934 omnia
623 893 698 935 sana
722 872 821 935 saciet.
873 882 1003 946 102,15:
1036 869 1087 931 vel
1108 871 1202 953 siquis

139 988 186 1041 est
219 978 362 1041 seniosus
390 979 449 1040 hac
473 975 586 1040 eadem
610 981 769 1041 curatione
799 998 911 1040 sanum
939 977 1041 1040 facies.
1095 988 1199 1073 1919:

139 1094 171 1147 et
194 1068 293 1169 siquid
318 1094 486 1148 contusum
510 1094 567 1160 est,
591 1095 746 1168 erumpet.
797 1085 903 1159 106‚5:
936 1084 1065 1147 Luxum
1091 1080 1204 1167 siquod

139 1201 186 1254 est
218 1193 276 1254 hac
310 1194 455 1256 cantione
487 1212 599 1255 sanum
632 1191 693 1254 fiet.
751 1183 822 1254 Huc
858 1187 993 1274 denique
1029 1186 1202 1274 pertinettll

139 1299 192 1360 ubi
224 1319 265 1360 ex
297 1299 397 1361 multo
422 1301 493 1362 cibo
516 1299 605 1361 alvus
638 1319 702 1360 non
736 1299 765 1377 it,
797 1318 854 1382 pro
884 1299 1030 1380 portione
1067 1296 1205 1359 brassica

140 1406 164 1467 si
197 1407 302 1480 uteris
339 1403 368 1467 id
392 1415 426 1469 ut
449 1414 481 1468 te
504 1397 742 1482 mone0,'nihil
769 1405 902 1467 istorum
934 1423 993 1466 usu
1023 1404 1136 1465 veniet.
1161 1438 1206 1447 -

139 1510 205 1572 lam
231 1513 420 1594 cognoveris
445 1513 550 1574 omnia
574 1509 626 1574 illa
648 1510 796 1591 exempla
819 1508 960 1573 eiusdem
985 1530 1055 1572 esse
1079 1511 1204 1593 generis

138 1626 171 1678 et
194 1618 218 1679 si
242 1636 315 1679 cum
339 1619 383 1679 eis
407 1618 468 1680 hoe
493 1617 628 1698 exempli
653 1619 753 1700 gratia
777 1619 1006 1701 comparaveris
1022 1617 1203 1698 exemplum

139 1720 278 1806 (37‚11):
315 1725 357 1802 „si
391 1725 474 1786 bene
509 1722 672 1786 cloacinata
707 1733 799 1786 erunt
822 1721 913 1803 dolia,
948 1724 1105 1800 oblinito'·‘,
1130 1721 1204 1807 quid

140 1849 253 1892 causae
286 1831 332 1909 sit,
364 1850 420 1892 cur
450 1831 498 1892 hic
533 1831 670 1893 futurum
706 1839 853 1892 exactum
888 1830 945 1894 illic
970 1852 1120 1916 praesens
1147 1850 1203 1912 po-

139 1937 232 1998 situm
257 1938 295 1999 sit
318 1936 489 2018 intelleges.
536 1937 616 1999 Cum
642 1937 725 1999 eninr
750 1938 780 1999 in
804 1935 860 1999 illis
884 1939 1052 2021 particulae
1076 1939 1100 2000 si
1117 1959 1206 2001 mera

139 2042 219 2104 inest
243 2043 289 2104 vis
313 2039 533 2106 condicionalis
562 2044 665 2120 (wenn
690 2039 829 2128 ammai),
861 2045 891 2106 in
924 2046 985 2106 hoc
1019 2047 1106 2108 notio
1137 2047 1204 2109 eius

139 2149 240 2230 magis
262 2167 365 2230 paene
389 2149 570 2232 temporalis
593 2169 688 2232 quam
724 2147 944 2213 condicionalis
980 2160 1036 2213 est.
1084 2137 1122 2213 In
1149 2152 1206 2215 illis

139 2256 232 2338 igitur
244 2275 333 2318 mera
346 2252 488 2319 condicio
502 2257 639 2336 ponitur,
653 2276 735 2339 quae
749 2266 837 2319 certo
850 2258 936 2320 omni
952 2266 1098 2339 ternpore
1111 2267 1204 2321 caret.

246 2359 294 2422 Ac
318 2363 342 2424 si
367 2359 655 2441 deliberaverimus,
679 2374 758 2446 quot
780 2365 954 2426 sententiae
987 2365 1047 2426 sint
1070 2365 1101 2427 in
1124 2364 1204 2428 libro

139 2464 179 2528 de
202 2468 398 2550 agricultura,
421 2469 451 2530 in
475 2489 610 2552 quarum
635 2471 797 2533 enuntiato
819 2471 968 2551 primario
991 2480 1045 2533 aut
1069 2473 1203 2555 impera-

138 2575 220 2636 tivus
244 2583 298 2636 aut
322 2576 538 2638 coniunctivus
562 2577 693 2638 iussivus
716 2585 771 2639 aut
793 2576 932 2638 futurum
949 2586 1083 2650 exstant,
1108 2586 1203 2661 atque

139 2682 169 2743 in
193 2682 338 2744 omnibus
362 2702 470 2744 earum
488 2684 653 2745 enuntiatis
670 2683 859 2745 secundariis
875 2690 947 2764 post
966 2684 1203 2747 coniunctiones

138 2807 246 2870 quom,
284 2789 346 2868 ubi,
380 2790 405 2851 si
439 2808 613 2872 numquam
648 2789 706 2851 nisi
742 2800 826 2852 certa
859 2787 898 2852 de
927 2809 1022 2852 causa
1054 2810 1203 2873 praesens

137 2904 264 2976 tempus
288 2914 346 2978 pro
371 2895 476 2957 futuro
499 2898 635 2979 positum
660 2916 740 2974 esse,
760 2917 801 2958 ex
825 2897 884 2959 hac
907 2917 942 2958 re
965 2896 1031 2959 sola
1056 2900 1123 2960 sina
1139 2897 1203 2962 ulla

139 2989 538 3080 dubitationeefficiemus,
561 3022 751 3081 sermonem,
782 3022 879 3085 quem
903 3004 934 3066 in
957 3003 1036 3066 libro
1060 3001 1100 3066 de
1123 3006 1203 3087 agri-

137 3105 260 3181 cultura
292 3103 570 3189 deprehendimus,
608 3129 673 3172 non
712 3118 867 3172 mutatum
902 3118 934 3171 et
969 3131 1034 3173 non
1076 3131 1202 3192 corrup-

136 3223 203 3275 tum
228 3234 306 3275 esse.
1089 3294 1091 3297 Ι

244 3317 390 3402 Sequitur
425 3331 460 3382 ut
494 3317 533 3382 de
557 3321 757 3384 coniunctivo
790 3322 961 3403 praesentis
983 3323 1016 3384 in
1039 3323 1201 3386 enuntiato

138 3423 325 3489 secundario
349 3429 575 3490 sententiarum
599 3425 862 3491 condicionalium
886 3426 1057 3492 videamus.

251 3545 357 3611 1412:
381 3535 405 3596 si
429 3531 502 3617 quid
527 3531 606 3596 desit
629 3536 660 3596 in
682 3554 801 3597 annum
825 3537 868 3598 uti
892 3546 1026 3620 paretur.

249 3652 357 3716 1415:
384 3637 501 3703 vendat
525 3640 632 3703 oleum
656 3642 680 3703 si
703 3644 839 3724 pretium
864 3644 987 3706 habeat.

249 3756 335 3823 15‚1:
370 3747 469 3809 boves
498 3747 633 3827 vetulos
664 3758 808 3812 armenta
836 3746 988 3812 delicula.
1009 3797 1042 3812 ..
1073 3771 1200 3826 servum

138 3872 255 3929 senem,
280 3872 408 3915 servum
432 3855 619 3917 morbosum
644 3863 675 3917 et
699 3853 797 3939 siquid
822 3855 899 3920 aliut
921 3857 1054 3940 supersit
1075 3853 1200 3919 vendat.

244 4080 265 4150 ¹)
284 4086 316 4134 cf.
336 4101 361 4148 p.
383 4085 425 4140 64.
