<?xml version="1.0" encoding="UTF-8"?>
<!DOCTYPE html PUBLIC "-//W3C//DTD XHTML 1.0 Transitional//EN"
    "http://www.w3.org/TR/xhtml1/DTD/xhtml1-transitional.dtd">
<html xmlns="http://www.w3.org/1999/xhtml" xml:lang="en" lang="en">
 <head>
  <title>
</title>
<meta http-equiv="Content-Type" content="text/html;charset=utf-8" />
  <meta name='ocr-system' content='tesseract 3.04.00' />
  <meta name='ocr-capabilities' content='ocr_page ocr_carea ocr_par ocr_line ocrx_word'/>
</head>
<body>
  <div class='ocr_page' id='page_1' title='image "./degenuinacatoni00schogoog_0055.png"; bbox 0 0 2766 4628; ppageno 0'>
   <div class='ocr_carea' id='block_1_1' title="bbox 672 263 715 325">
    <p class='ocr_par' dir='ltr' id='par_1_1' title="bbox 672 263 715 325">
     <span class='ocr_line' id='line_1_1' title="bbox 672 263 715 325; baseline -0.023 0"><span class='ocrx_word' id='word_1_1' title='bbox 672 263 715 325; x_wconf 83' lang='lat'>46</span> 
     </span>
    </p>
   </div>
   <div class='ocr_carea' id='block_1_2' title="bbox 155 441 1228 2437">
    <p class='ocr_par' dir='ltr' id='par_1_2' title="bbox 155 441 1228 2437">
     <span class='ocr_line' id='line_1_2' title="bbox 159 441 1227 526; baseline 0.002 -21"><span class='ocrx_word' id='word_1_2' title='bbox 159 443 235 506; x_wconf 91' lang='lat' dir='ltr'>locis</span> <span class='ocrx_word' id='word_1_3' title='bbox 258 464 276 504; x_wconf 90' lang='lat' dir='ltr'>a</span> <span class='ocrx_word' id='word_1_4' title='bbox 296 441 418 504; x_wconf 87' lang='lat' dir='ltr'>Catone</span> <span class='ocrx_word' id='word_1_5' title='bbox 441 443 510 526; x_wconf 93' lang='lat' dir='ltr'>ipso</span> <span class='ocrx_word' id='word_1_6' title='bbox 533 444 681 525; x_wconf 87' lang='lat' dir='ltr'>scriptum</span> <span class='ocrx_word' id='word_1_7' title='bbox 706 463 785 521; x_wconf 90' lang='lat' dir='ltr'>esse,</span> <span class='ocrx_word' id='word_1_8' title='bbox 809 462 935 506; x_wconf 86' lang='lat' dir='ltr'>censeo.</span> <span class='ocrx_word' id='word_1_9' title='bbox 981 443 1119 507; x_wconf 83' lang='lat' dir='ltr'>Lucilius</span> <span class='ocrx_word' id='word_1_10' title='bbox 1143 445 1227 507; x_wconf 89' lang='lat' dir='ltr'>enim</span> 
     </span>
     <span class='ocr_line' id='line_1_3' title="bbox 160 545 1226 632; baseline 0.006 -23"><span class='ocrx_word' id='word_1_11' title='bbox 160 546 254 611; x_wconf 86' lang='lat' dir='ltr'>docet</span> <span class='ocrx_word' id='word_1_12' title='bbox 277 545 326 611; x_wconf 81' lang='lat' dir='ltr'>IX</span> <span class='ocrx_word' id='word_1_13' title='bbox 351 548 439 631; x_wconf 81' lang='lat' dir='ltr'>lrgm.</span> <span class='ocrx_word' id='word_1_14' title='bbox 466 561 509 625; x_wconf 82' lang='lat'>30</span> <span class='ocrx_word' id='word_1_15' title='bbox 533 546 595 632; x_wconf 92' lang='lat' dir='ltr'>(ed.</span> <span class='ocrx_word' id='word_1_16' title='bbox 613 549 691 611; x_wconf 92' lang='lat' dir='ltr'>Luc.</span> <span class='ocrx_word' id='word_1_17' title='bbox 710 547 866 628; x_wconf 84' lang='lat' dir='ltr'>Mueller).</span> <span class='ocrx_word' id='word_1_18' title='bbox 915 548 1015 628; x_wconf 90' lang='lat' dir='ltr'>„Nam</span> <span class='ocrx_word' id='word_1_19' title='bbox 1040 553 1129 615; x_wconf 89' lang='lat' dir='ltr'>velut</span> <span class='ocrx_word' id='word_1_20' title='bbox 1145 554 1226 615; x_wconf 91' lang='lat' dir='ltr'>intro</span> 
     </span>
     <span class='ocr_line' id='line_1_4' title="bbox 159 651 1227 742; baseline 0.005 -27"><span class='ocrx_word' id='word_1_21' title='bbox 159 652 241 716; x_wconf 89' lang='lat' dir='ltr'>aliud</span> <span class='ocrx_word' id='word_1_22' title='bbox 266 654 360 737; x_wconf 81' lang='lat' dir='ltr'>longe</span> <span class='ocrx_word' id='word_1_23' title='bbox 385 675 455 717; x_wconf 91' lang='lat' dir='ltr'>esse</span> <span class='ocrx_word' id='word_1_24' title='bbox 479 664 575 738; x_wconf 91' lang='lat' dir='ltr'>atque</span> <span class='ocrx_word' id='word_1_25' title='bbox 603 656 685 717; x_wconf 91' lang='lat' dir='ltr'>intus</span> <span class='ocrx_word' id='word_1_26' title='bbox 713 651 866 718; x_wconf 83' lang='lat' dir='ltr'>videmus.</span> <span class='ocrx_word' id='word_1_27' title='bbox 913 657 961 718; x_wconf 88' lang='lat' dir='ltr'>Sic</span> <span class='ocrx_word' id='word_1_28' title='bbox 985 658 1059 720; x_wconf 92' lang='lat' dir='ltr'>item</span> <span class='ocrx_word' id='word_1_29' title='bbox 1084 654 1169 742; x_wconf 89' lang='lat' dir='ltr'>apud</span> <span class='ocrx_word' id='word_1_30' title='bbox 1193 679 1227 720; x_wconf 93' lang='lat' dir='ltr'>se</span> 
     </span>
     <span class='ocr_line' id='line_1_5' title="bbox 165 758 1228 844; baseline 0.005 -22"><span class='ocrx_word' id='word_1_31' title='bbox 165 760 260 844; x_wconf 85' lang='lat' dir='ltr'>longe</span> <span class='ocrx_word' id='word_1_32' title='bbox 284 758 366 823; x_wconf 92' lang='lat' dir='ltr'>aliud</span> <span class='ocrx_word' id='word_1_33' title='bbox 392 772 439 823; x_wconf 89' lang='lat' dir='ltr'>est</span> <span class='ocrx_word' id='word_1_34' title='bbox 462 782 568 844; x_wconf 88' lang='lat' dir='ltr'>neque</span> <span class='ocrx_word' id='word_1_35' title='bbox 593 758 674 824; x_wconf 87' lang='lat' dir='ltr'>idem</span> <span class='ocrx_word' id='word_1_36' title='bbox 699 760 781 824; x_wconf 79' lang='lat' dir='ltr'>valet</span> <span class='ocrx_word' id='word_1_37' title='bbox 805 759 844 823; x_wconf 90' lang='lat' dir='ltr'>ad</span> <span class='ocrx_word' id='word_1_38' title='bbox 868 782 915 823; x_wconf 91' lang='lat' dir='ltr'>se:</span> <span class='ocrx_word' id='word_1_39' title='bbox 940 762 1026 825; x_wconf 89' lang='lat' dir='ltr'>Intro</span> <span class='ocrx_word' id='word_1_40' title='bbox 1051 783 1111 826; x_wconf 90' lang='lat' dir='ltr'>nos</span> <span class='ocrx_word' id='word_1_41' title='bbox 1133 774 1228 828; x_wconf 89' lang='lat' dir='ltr'>vocat</span> 
     </span>
     <span class='ocr_line' id='line_1_6' title="bbox 159 864 1227 953; baseline 0.005 -25"><span class='ocrx_word' id='word_1_42' title='bbox 159 864 198 928; x_wconf 84' lang='lat' dir='ltr'>ad</span> <span class='ocrx_word' id='word_1_43' title='bbox 222 888 292 928; x_wconf 87' lang='lat' dir='ltr'>sese</span> <span class='ocrx_word' id='word_1_44' title='bbox 315 877 402 930; x_wconf 89' lang='lat' dir='ltr'>tenet</span> <span class='ocrx_word' id='word_1_45' title='bbox 426 869 507 930; x_wconf 90' lang='lat' dir='ltr'>intus</span> <span class='ocrx_word' id='word_1_46' title='bbox 531 868 613 951; x_wconf 90' lang='lat' dir='ltr'>apud</span> <span class='ocrx_word' id='word_1_47' title='bbox 636 869 698 932; x_wconf 85' lang='lat' dir='ltr'>se.“</span> <span class='ocrx_word' id='word_1_48' title='bbox 745 869 802 931; x_wconf 89' lang='lat' dir='ltr'>His</span> <span class='ocrx_word' id='word_1_49' title='bbox 823 868 927 930; x_wconf 90' lang='lat' dir='ltr'>verbis</span> <span class='ocrx_word' id='word_1_50' title='bbox 949 866 1092 932; x_wconf 90' lang='lat' dir='ltr'>concludi</span> <span class='ocrx_word' id='word_1_51' title='bbox 1110 880 1227 953; x_wconf 91' lang='lat' dir='ltr'>postet,</span> 
     </span>
     <span class='ocr_line' id='line_1_7' title="bbox 159 971 1225 1058; baseline 0.006 -24"><span class='ocrx_word' id='word_1_52' title='bbox 159 971 259 1035; x_wconf 84' lang='lat' dir='ltr'>Lucili</span> <span class='ocrx_word' id='word_1_53' title='bbox 282 983 388 1036; x_wconf 88' lang='lat' dir='ltr'>aetate</span> <span class='ocrx_word' id='word_1_54' title='bbox 411 985 445 1036; x_wconf 90' lang='lat' dir='ltr'>ut</span> <span class='ocrx_word' id='word_1_55' title='bbox 469 976 550 1038; x_wconf 91' lang='lat' dir='ltr'>intro</span> <span class='ocrx_word' id='word_1_56' title='bbox 575 987 606 1039; x_wconf 88' lang='lat' dir='ltr'>et</span> <span class='ocrx_word' id='word_1_57' title='bbox 629 978 709 1039; x_wconf 91' lang='lat' dir='ltr'>intus</span> <span class='ocrx_word' id='word_1_58' title='bbox 728 977 770 1039; x_wconf 90' lang='lat' dir='ltr'>ita</span> <span class='ocrx_word' id='word_1_59' title='bbox 793 972 832 1037; x_wconf 91' lang='lat' dir='ltr'>ad</span> <span class='ocrx_word' id='word_1_60' title='bbox 850 984 882 1036; x_wconf 89' lang='lat' dir='ltr'>et</span> <span class='ocrx_word' id='word_1_61' title='bbox 902 971 986 1055; x_wconf 88' lang='lat' dir='ltr'>apud</span> <span class='ocrx_word' id='word_1_62' title='bbox 1002 976 1225 1058; x_wconf 87' lang='lat' dir='ltr'>particularum</span> 
     </span>
     <span class='ocr_line' id='line_1_8' title="bbox 161 1077 1224 1166; baseline 0.005 -26"><span class='ocrx_word' id='word_1_63' title='bbox 161 1099 251 1141; x_wconf 91' lang='lat' dir='ltr'>usum</span> <span class='ocrx_word' id='word_1_64' title='bbox 276 1080 441 1143; x_wconf 76' lang='lat' dir='ltr'>confusum</span> <span class='ocrx_word' id='word_1_65' title='bbox 464 1081 568 1144; x_wconf 88' lang='lat' dir='ltr'>fuisse.</span> <span class='ocrx_word' id='word_1_66' title='bbox 615 1083 761 1145; x_wconf 87' lang='lat' dir='ltr'>Diximus</span> <span class='ocrx_word' id='word_1_67' title='bbox 784 1083 845 1144; x_wconf 91' lang='lat' dir='ltr'>iam</span> <span class='ocrx_word' id='word_1_68' title='bbox 870 1077 909 1142; x_wconf 90' lang='lat' dir='ltr'>de</span> <span class='ocrx_word' id='word_1_69' title='bbox 929 1077 968 1143; x_wconf 89' lang='lat' dir='ltr'>ad</span> <span class='ocrx_word' id='word_1_70' title='bbox 989 1090 1020 1143; x_wconf 91' lang='lat' dir='ltr'>et</span> <span class='ocrx_word' id='word_1_71' title='bbox 1037 1081 1120 1162; x_wconf 92' lang='lat' dir='ltr'>apud</span> <span class='ocrx_word' id='word_1_72' title='bbox 1136 1103 1224 1166; x_wconf 90' lang='lat' dir='ltr'>prae·</span> 
     </span>
     <span class='ocr_line' id='line_1_9' title="bbox 158 1184 1224 1266; baseline 0.005 -17"><span class='ocrx_word' id='word_1_73' title='bbox 158 1187 350 1266; x_wconf 85' lang='lat' dir='ltr'>positionum</span> <span class='ocrx_word' id='word_1_74' title='bbox 384 1184 568 1252; x_wconf 85' lang='lat' dir='ltr'>discrimine.</span> <span class='ocrx_word' id='word_1_75' title='bbox 615 1189 724 1251; x_wconf 84' lang='lat' dir='ltr'>Lucilii</span> <span class='ocrx_word' id='word_1_76' title='bbox 756 1196 860 1250; x_wconf 90' lang='lat' dir='ltr'>aetate</span> <span class='ocrx_word' id='word_1_77' title='bbox 894 1197 925 1248; x_wconf 90' lang='lat' dir='ltr'>et</span> <span class='ocrx_word' id='word_1_78' title='bbox 949 1187 1069 1251; x_wconf 89' lang='lat' dir='ltr'>Lucilio</span> <span class='ocrx_word' id='word_1_79' title='bbox 1093 1200 1224 1254; x_wconf 90' lang='lat' dir='ltr'>auctore</span> 
     </span>
     <span class='ocr_line' id='line_1_10' title="bbox 158 1289 1223 1376; baseline 0.007 -22"><span class='ocrx_word' id='word_1_80' title='bbox 158 1289 198 1354; x_wconf 89' lang='lat' dir='ltr'>ad</span> <span class='ocrx_word' id='word_1_81' title='bbox 224 1300 255 1353; x_wconf 90' lang='lat' dir='ltr'>et</span> <span class='ocrx_word' id='word_1_82' title='bbox 278 1290 360 1376; x_wconf 88' lang='lat' dir='ltr'>apud</span> <span class='ocrx_word' id='word_1_83' title='bbox 386 1303 417 1355; x_wconf 89' lang='lat' dir='ltr'>et</span> <span class='ocrx_word' id='word_1_84' title='bbox 442 1295 523 1356; x_wconf 86' lang='lat' dir='ltr'>intus</span> <span class='ocrx_word' id='word_1_85' title='bbox 547 1305 578 1357; x_wconf 89' lang='lat' dir='ltr'>et</span> <span class='ocrx_word' id='word_1_86' title='bbox 593 1298 675 1357; x_wconf 90' lang='lat' dir='ltr'>intro</span> <span class='ocrx_word' id='word_1_87' title='bbox 700 1313 813 1356; x_wconf 89' lang='lat' dir='ltr'>severe</span> <span class='ocrx_word' id='word_1_88' title='bbox 838 1290 981 1376; x_wconf 88' lang='lat' dir='ltr'>distingui</span> <span class='ocrx_word' id='word_1_89' title='bbox 1004 1304 1119 1376; x_wconf 88' lang='lat' dir='ltr'>coepta</span> <span class='ocrx_word' id='word_1_90' title='bbox 1142 1307 1223 1362; x_wconf 90' lang='lat' dir='ltr'>sunt.</span> 
     </span>
     <span class='ocr_line' id='line_1_11' title="bbox 161 1398 1223 1484; baseline 0.008 -25"><span class='ocrx_word' id='word_1_91' title='bbox 161 1398 210 1459; x_wconf 85' lang='lat' dir='ltr'>Ac</span> <span class='ocrx_word' id='word_1_92' title='bbox 246 1399 295 1459; x_wconf 89' lang='lat' dir='ltr'>vel</span> <span class='ocrx_word' id='word_1_93' title='bbox 321 1399 500 1478; x_wconf 77' lang='lat' dir='ltr'>Quintiliani</span> <span class='ocrx_word' id='word_1_94' title='bbox 536 1401 732 1484; x_wconf 86' lang='lat' dir='ltr'>temporibus</span> <span class='ocrx_word' id='word_1_95' title='bbox 765 1419 804 1462; x_wconf 87' lang='lat' dir='ltr'>ea</span> <span class='ocrx_word' id='word_1_96' title='bbox 838 1400 964 1482; x_wconf 86' lang='lat' dir='ltr'>saepius</span> <span class='ocrx_word' id='word_1_97' title='bbox 999 1401 1130 1465; x_wconf 88' lang='lat' dir='ltr'>confusa</span> <span class='ocrx_word' id='word_1_98' title='bbox 1153 1423 1223 1467; x_wconf 88' lang='lat' dir='ltr'>esse</span> 
     </span>
     <span class='ocr_line' id='line_1_12' title="bbox 158 1503 1223 1590; baseline 0.007 -26"><span class='ocrx_word' id='word_1_99' title='bbox 158 1514 300 1585; x_wconf 88' lang='lat' dir='ltr'>apparet,</span> <span class='ocrx_word' id='word_1_100' title='bbox 326 1525 398 1567; x_wconf 92' lang='lat' dir='ltr'>cum</span> <span class='ocrx_word' id='word_1_101' title='bbox 423 1503 502 1568; x_wconf 90' lang='lat' dir='ltr'>dicat</span> <span class='ocrx_word' id='word_1_102' title='bbox 526 1506 575 1567; x_wconf 91' lang='lat' dir='ltr'>ille</span> <span class='ocrx_word' id='word_1_103' title='bbox 600 1507 696 1569; x_wconf 91' lang='lat' dir='ltr'>lnstit.</span> <span class='ocrx_word' id='word_1_104' title='bbox 722 1506 744 1580; x_wconf 92' lang='lat' dir='ltr'>l,</span> <span class='ocrx_word' id='word_1_105' title='bbox 769 1517 858 1581; x_wconf 84' lang='lat'>5,50:</span> <span class='ocrx_word' id='word_1_106' title='bbox 891 1505 962 1568; x_wconf 90' lang='lat' dir='ltr'>Hoc</span> <span class='ocrx_word' id='word_1_107' title='bbox 986 1507 1119 1590; x_wconf 90' lang='lat' dir='ltr'>amplius</span> <span class='ocrx_word' id='word_1_108' title='bbox 1142 1508 1223 1572; x_wconf 88' lang='lat' dir='ltr'>intro</span> 
     </span>
     <span class='ocr_line' id='line_1_13' title="bbox 158 1610 1223 1687; baseline 0.009 -19"><span class='ocrx_word' id='word_1_109' title='bbox 158 1618 189 1669; x_wconf 87' lang='lat' dir='ltr'>et</span> <span class='ocrx_word' id='word_1_110' title='bbox 213 1610 295 1670; x_wconf 89' lang='lat' dir='ltr'>intus</span> <span class='ocrx_word' id='word_1_111' title='bbox 321 1610 380 1673; x_wconf 91' lang='lat' dir='ltr'>loci</span> <span class='ocrx_word' id='word_1_112' title='bbox 402 1610 562 1687; x_wconf 83' lang='lat' dir='ltr'>adverbia,</span> <span class='ocrx_word' id='word_1_113' title='bbox 588 1633 628 1674; x_wconf 89' lang='lat' dir='ltr'>eo</span> <span class='ocrx_word' id='word_1_114' title='bbox 652 1622 760 1674; x_wconf 89' lang='lat' dir='ltr'>tamen</span> <span class='ocrx_word' id='word_1_115' title='bbox 784 1613 865 1673; x_wconf 92' lang='lat' dir='ltr'>intus</span> <span class='ocrx_word' id='word_1_116' title='bbox 889 1622 920 1675; x_wconf 89' lang='lat' dir='ltr'>et</span> <span class='ocrx_word' id='word_1_117' title='bbox 943 1614 1025 1675; x_wconf 91' lang='lat' dir='ltr'>intro</span> <span class='ocrx_word' id='word_1_118' title='bbox 1048 1633 1118 1676; x_wconf 92' lang='lat' dir='ltr'>sum</span> <span class='ocrx_word' id='word_1_119' title='bbox 1142 1615 1223 1679; x_wconf 88' lang='lat' dir='ltr'>sola·</span> 
     </span>
     <span class='ocr_line' id='line_1_14' title="bbox 156 1717 1218 1805; baseline 0.008 -29"><span class='ocrx_word' id='word_1_120' title='bbox 156 1717 241 1778; x_wconf 85' lang='lat' dir='ltr'>cismi</span> <span class='ocrx_word' id='word_1_121' title='bbox 274 1721 378 1780; x_wconf 89' lang='lat' dir='ltr'>sunt.“</span> <span class='ocrx_word' id='word_1_122' title='bbox 427 1719 471 1782; x_wconf 94' lang='lat' dir='ltr'>lta</span> <span class='ocrx_word' id='word_1_123' title='bbox 506 1729 540 1781; x_wconf 93' lang='lat' dir='ltr'>ut</span> <span class='ocrx_word' id='word_1_124' title='bbox 576 1720 722 1781; x_wconf 86' lang='lat' dir='ltr'>notiones</span> <span class='ocrx_word' id='word_1_125' title='bbox 761 1728 866 1780; x_wconf 90' lang='lat' dir='ltr'>motus</span> <span class='ocrx_word' id='word_1_126' title='bbox 894 1720 1053 1783; x_wconf 91' lang='lat' dir='ltr'>inlocum</span> <span class='ocrx_word' id='word_1_127' title='bbox 1089 1726 1120 1783; x_wconf 90' lang='lat' dir='ltr'>et</span> <span class='ocrx_word' id='word_1_128' title='bbox 1155 1722 1218 1805; x_wconf 89' lang='lat' dir='ltr'>qui·</span> 
     </span>
     <span class='ocr_line' id='line_1_15' title="bbox 158 1823 1222 1911; baseline 0.007 -26"><span class='ocrx_word' id='word_1_129' title='bbox 158 1825 215 1886; x_wconf 91' lang='lat' dir='ltr'>etis</span> <span class='ocrx_word' id='word_1_130' title='bbox 249 1825 279 1888; x_wconf 90' lang='lat' dir='ltr'>in</span> <span class='ocrx_word' id='word_1_131' title='bbox 315 1825 387 1889; x_wconf 91' lang='lat' dir='ltr'>loco</span> <span class='ocrx_word' id='word_1_132' title='bbox 421 1829 563 1911; x_wconf 87' lang='lat' dir='ltr'>primitus</span> <span class='ocrx_word' id='word_1_133' title='bbox 598 1847 661 1888; x_wconf 93' lang='lat' dir='ltr'>non</span> <span class='ocrx_word' id='word_1_134' title='bbox 697 1846 809 1887; x_wconf 89' lang='lat' dir='ltr'>severe</span> <span class='ocrx_word' id='word_1_135' title='bbox 834 1823 1115 1909; x_wconf 79' lang='lat' dir='ltr'>distinguebantur,</span> <span class='ocrx_word' id='word_1_136' title='bbox 1147 1829 1222 1892; x_wconf 90' lang='lat' dir='ltr'>item</span> 
     </span>
     <span class='ocr_line' id='line_1_16' title="bbox 158 1930 1222 2017; baseline 0.004 -24"><span class='ocrx_word' id='word_1_137' title='bbox 158 1933 252 1995; x_wconf 90' lang='lat' dir='ltr'>etiam</span> <span class='ocrx_word' id='word_1_138' title='bbox 286 1930 449 2007; x_wconf 83' lang='lat' dir='ltr'>adverbia,</span> <span class='ocrx_word' id='word_1_139' title='bbox 485 1933 597 2014; x_wconf 90' lang='lat' dir='ltr'>quibus</span> <span class='ocrx_word' id='word_1_140' title='bbox 632 1934 692 1994; x_wconf 91' lang='lat' dir='ltr'>hoc</span> <span class='ocrx_word' id='word_1_141' title='bbox 728 1941 781 1993; x_wconf 88' lang='lat' dir='ltr'>aut</span> <span class='ocrx_word' id='word_1_142' title='bbox 816 1930 889 1994; x_wconf 92' lang='lat' dir='ltr'>illud</span> <span class='ocrx_word' id='word_1_143' title='bbox 913 1935 1157 2017; x_wconf 82' lang='lat' dir='ltr'>exprimebatur,</span> <span class='ocrx_word' id='word_1_144' title='bbox 1191 1936 1222 1998; x_wconf 92' lang='lat' dir='ltr'>in</span> 
     </span>
     <span class='ocr_line' id='line_1_17' title="bbox 155 2035 1222 2121; baseline 0.003 -21"><span class='ocrx_word' id='word_1_145' title='bbox 155 2040 258 2121; x_wconf 92' lang='lat' dir='ltr'>prisco</span> <span class='ocrx_word' id='word_1_146' title='bbox 282 2039 399 2101; x_wconf 88' lang='lat' dir='ltr'>scilicet</span> <span class='ocrx_word' id='word_1_147' title='bbox 422 2059 571 2101; x_wconf 89' lang='lat' dir='ltr'>sermone</span> <span class='ocrx_word' id='word_1_148' title='bbox 595 2047 627 2099; x_wconf 91' lang='lat' dir='ltr'>et</span> <span class='ocrx_word' id='word_1_149' title='bbox 650 2035 821 2100; x_wconf 88' lang='lat' dir='ltr'>diutissime</span> <span class='ocrx_word' id='word_1_150' title='bbox 849 2039 879 2100; x_wconf 93' lang='lat' dir='ltr'>in</span> <span class='ocrx_word' id='word_1_151' title='bbox 907 2038 1036 2120; x_wconf 80' lang='lat' dir='ltr'>vulgari.</span> <span class='ocrx_word' id='word_1_152' title='bbox 1081 2039 1222 2103; x_wconf 82' lang='lat' dir='ltr'>Tantum</span> 
     </span>
     <span class='ocr_line' id='line_1_18' title="bbox 156 2140 1221 2227; baseline 0.004 -22"><span class='ocrx_word' id='word_1_153' title='bbox 156 2145 248 2225; x_wconf 82' lang='lat' dir='ltr'>igitur</span> <span class='ocrx_word' id='word_1_154' title='bbox 271 2146 371 2224; x_wconf 90' lang='lat' dir='ltr'>abest,</span> <span class='ocrx_word' id='word_1_155' title='bbox 394 2154 428 2206; x_wconf 92' lang='lat' dir='ltr'>ut</span> <span class='ocrx_word' id='word_1_156' title='bbox 451 2142 534 2223; x_wconf 90' lang='lat' dir='ltr'>illud,</span> <span class='ocrx_word' id='word_1_157' title='bbox 558 2153 592 2206; x_wconf 90' lang='lat' dir='ltr'>ut</span> <span class='ocrx_word' id='word_1_158' title='bbox 615 2142 781 2206; x_wconf 89' lang='lat' dir='ltr'>videbatur</span> <span class='ocrx_word' id='word_1_159' title='bbox 805 2140 947 2218; x_wconf 89' lang='lat' dir='ltr'>Handi0,</span> <span class='ocrx_word' id='word_1_160' title='bbox 972 2144 1221 2227; x_wconf 84' lang='lat' dir='ltr'>interpolationis</span> 
     </span>
     <span class='ocr_line' id='line_1_19' title="bbox 156 2249 1221 2333; baseline 0.003 -20"><span class='ocrx_word' id='word_1_161' title='bbox 156 2252 280 2333; x_wconf 87' lang='lat' dir='ltr'>signnm</span> <span class='ocrx_word' id='word_1_162' title='bbox 305 2253 351 2325; x_wconf 87' lang='lat' dir='ltr'>sit,</span> <span class='ocrx_word' id='word_1_163' title='bbox 377 2262 410 2312; x_wconf 89' lang='lat' dir='ltr'>ut</span> <span class='ocrx_word' id='word_1_164' title='bbox 444 2261 554 2312; x_wconf 91' lang='lat' dir='ltr'>contra</span> <span class='ocrx_word' id='word_1_165' title='bbox 583 2269 623 2311; x_wconf 92' lang='lat' dir='ltr'>eo</span> <span class='ocrx_word' id='word_1_166' title='bbox 651 2249 718 2311; x_wconf 91' lang='lat' dir='ltr'>libri</span> <span class='ocrx_word' id='word_1_167' title='bbox 741 2251 906 2332; x_wconf 89' lang='lat' dir='ltr'>antiquitas</span> <span class='ocrx_word' id='word_1_168' title='bbox 930 2259 962 2312; x_wconf 88' lang='lat' dir='ltr'>et</span> <span class='ocrx_word' id='word_1_169' title='bbox 984 2253 1137 2314; x_wconf 88' lang='lat' dir='ltr'>sermonis</span> <span class='ocrx_word' id='word_1_170' title='bbox 1161 2255 1221 2316; x_wconf 91' lang='lat' dir='ltr'>sin-</span> 
     </span>
     <span class='ocr_line' id='line_1_20' title="bbox 156 2357 527 2437; baseline 0.003 -21"><span class='ocrx_word' id='word_1_171' title='bbox 156 2357 268 2418; x_wconf 86' lang='lat' dir='ltr'>ceritas</span> <span class='ocrx_word' id='word_1_172' title='bbox 293 2357 527 2437; x_wconf 85' lang='lat' dir='ltr'>comprobetur.</span> 
     </span>
    </p>
   </div>
   <div class='ocr_carea' id='block_1_3' title="bbox 153 2499 1222 3409">
    <p class='ocr_par' dir='ltr' id='par_1_3' title="bbox 261 2499 361 2561">
     <span class='ocr_line' id='line_1_21' title="bbox 261 2499 361 2561; baseline -0.02 0"><span class='ocrx_word' id='word_1_173' title='bbox 261 2499 361 2561; x_wconf 90' lang='lat' dir='ltr'>Item.</span> 
     </span>
    </p>

    <p class='ocr_par' dir='ltr' id='par_1_4' title="bbox 153 2603 1222 3409">
     <span class='ocr_line' id='line_1_22' title="bbox 260 2603 1222 2670; baseline 0.004 -4"><span class='ocrx_word' id='word_1_174' title='bbox 260 2604 458 2667; x_wconf 87' lang='lat' dir='ltr'>Creberrime</span> <span class='ocrx_word' id='word_1_175' title='bbox 492 2605 554 2666; x_wconf 92' lang='lat' dir='ltr'>hoc</span> <span class='ocrx_word' id='word_1_176' title='bbox 588 2603 772 2668; x_wconf 86' lang='lat' dir='ltr'>adverbium</span> <span class='ocrx_word' id='word_1_177' title='bbox 797 2623 867 2665; x_wconf 90' lang='lat' dir='ltr'>curn</span> <span class='ocrx_word' id='word_1_178' title='bbox 891 2613 993 2666; x_wconf 82' lang='lat' dir='ltr'>exstet</span> <span class='ocrx_word' id='word_1_179' title='bbox 1022 2605 1052 2666; x_wconf 92' lang='lat' dir='ltr'>in</span> <span class='ocrx_word' id='word_1_180' title='bbox 1076 2604 1156 2668; x_wconf 90' lang='lat' dir='ltr'>libro</span> <span class='ocrx_word' id='word_1_181' title='bbox 1181 2603 1222 2670; x_wconf 87' lang='lat' dir='ltr'>de</span> 
     </span>
     <span class='ocr_line' id='line_1_23' title="bbox 155 2709 1221 2794; baseline 0.004 -22"><span class='ocrx_word' id='word_1_182' title='bbox 155 2731 189 2772; x_wconf 92' lang='lat' dir='ltr'>re</span> <span class='ocrx_word' id='word_1_183' title='bbox 213 2713 335 2785; x_wconf 82' lang='lat' dir='ltr'>rustica,</span> <span class='ocrx_word' id='word_1_184' title='bbox 370 2713 423 2773; x_wconf 82' lang='lat' dir='ltr'>vix</span> <span class='ocrx_word' id='word_1_185' title='bbox 455 2720 502 2773; x_wconf 88' lang='lat' dir='ltr'>est</span> <span class='ocrx_word' id='word_1_186' title='bbox 536 2709 623 2794; x_wconf 91' lang='lat' dir='ltr'>quod</span> <span class='ocrx_word' id='word_1_187' title='bbox 660 2709 699 2773; x_wconf 89' lang='lat' dir='ltr'>de</span> <span class='ocrx_word' id='word_1_188' title='bbox 723 2729 763 2772; x_wconf 89' lang='lat' dir='ltr'>eo</span> <span class='ocrx_word' id='word_1_189' title='bbox 787 2719 924 2772; x_wconf 86' lang='lat' dir='ltr'>notetur.</span> <span class='ocrx_word' id='word_1_190' title='bbox 975 2723 1083 2790; x_wconf 61' lang='lat'>1009:</span> <span class='ocrx_word' id='word_1_191' title='bbox 1108 2709 1221 2776; x_wconf 84' lang='lat' dir='ltr'>Altera</span> 
     </span>
     <span class='ocr_line' id='line_1_24' title="bbox 158 2815 1220 2900; baseline 0.004 -23"><span class='ocrx_word' id='word_1_192' title='bbox 158 2815 322 2898; x_wconf 83' lang='lat' dir='ltr'>(brassica)</span> <span class='ocrx_word' id='word_1_193' title='bbox 357 2829 404 2877; x_wconf 91' lang='lat' dir='ltr'>est</span> <span class='ocrx_word' id='word_1_194' title='bbox 440 2818 551 2899; x_wconf 79' lang='lat' dir='ltr'>crispa.</span> <span class='ocrx_word' id='word_1_195' title='bbox 588 2818 723 2900; x_wconf 89' lang='lat' dir='ltr'>apiacon</span> <span class='ocrx_word' id='word_1_196' title='bbox 758 2824 919 2878; x_wconf 86' lang='lat' dir='ltr'>vocatur.</span> <span class='ocrx_word' id='word_1_197' title='bbox 945 2863 950 2876; x_wconf 93' lang='lat'>.</span> <span class='ocrx_word' id='word_1_198' title='bbox 976 2864 984 2880; x_wconf 91' lang='lat'><strong>.</strong></span> <span class='ocrx_word' id='word_1_199' title='bbox 1008 2816 1049 2879; x_wconf 87' lang='lat' dir='ltr'>Et</span> <span class='ocrx_word' id='word_1_200' title='bbox 1072 2818 1148 2880; x_wconf 91' lang='lat' dir='ltr'>item</span> <span class='ocrx_word' id='word_1_201' title='bbox 1172 2827 1220 2881; x_wconf 89' lang='lat' dir='ltr'>est</span> 
     </span>
     <span class='ocr_line' id='line_1_25' title="bbox 153 2920 1219 3006; baseline 0.004 -23"><span class='ocrx_word' id='word_1_202' title='bbox 153 2923 262 2996; x_wconf 91' lang='lat' dir='ltr'>tertia,</span> <span class='ocrx_word' id='word_1_203' title='bbox 296 2941 378 3005; x_wconf 90' lang='lat' dir='ltr'>quae</span> <span class='ocrx_word' id='word_1_204' title='bbox 417 2923 494 2983; x_wconf 92' lang='lat' dir='ltr'>lenis</span> <span class='ocrx_word' id='word_1_205' title='bbox 528 2934 673 2985; x_wconf 73' lang='lat' dir='ltr'>vocatur.</span> <span class='ocrx_word' id='word_1_206' title='bbox 729 2923 803 3001; x_wconf 76' lang='lat' dir='ltr'>Quo</span> <span class='ocrx_word' id='word_1_207' title='bbox 838 2920 910 2985; x_wconf 81' lang='lat' dir='ltr'>loco</span> <span class='ocrx_word' id='word_1_208' title='bbox 946 2923 1020 2985; x_wconf 87' lang='lat' dir='ltr'>item</span> <span class='ocrx_word' id='word_1_209' title='bbox 1054 2943 1156 3006; x_wconf 92' lang='lat' dir='ltr'>prope</span> <span class='ocrx_word' id='word_1_210' title='bbox 1179 2924 1219 2989; x_wconf 91' lang='lat' dir='ltr'>ad</span> 
     </span>
     <span class='ocr_line' id='line_1_26' title="bbox 156 3025 1219 3109; baseline 0.005 -20"><span class='ocrx_word' id='word_1_211' title='bbox 156 3027 414 3109; x_wconf 79' lang='lat' dir='ltr'>significationem</span> <span class='ocrx_word' id='word_1_212' title='bbox 463 3025 606 3091; x_wconf 87' lang='lat' dir='ltr'>adverbii</span> <span class='ocrx_word' id='word_1_213' title='bbox 648 3038 814 3109; x_wconf 88' lang='lat' dir='ltr'>praeterea</span> <span class='ocrx_word' id='word_1_214' title='bbox 864 3026 992 3090; x_wconf 88' lang='lat' dir='ltr'>accedit.</span> <span class='ocrx_word' id='word_1_215' title='bbox 1065 3031 1219 3095; x_wconf 84' lang='lat' dir='ltr'>Conferas</span> 
     </span>
     <span class='ocr_line' id='line_1_27' title="bbox 155 3133 1220 3220; baseline 0.006 -25"><span class='ocrx_word' id='word_1_216' title='bbox 155 3135 200 3196; x_wconf 89' lang='lat' dir='ltr'>Pl.</span> <span class='ocrx_word' id='word_1_217' title='bbox 226 3134 314 3197; x_wconf 89' lang='lat' dir='ltr'>Trin.</span> <span class='ocrx_word' id='word_1_218' title='bbox 337 3134 415 3211; x_wconf 82' lang='lat'>898:</span> <span class='ocrx_word' id='word_1_219' title='bbox 464 3135 553 3198; x_wconf 89' lang='lat' dir='ltr'>Hanc</span> <span class='ocrx_word' id='word_1_220' title='bbox 588 3157 639 3198; x_wconf 92' lang='lat' dir='ltr'>me</span> <span class='ocrx_word' id='word_1_221' title='bbox 678 3135 765 3197; x_wconf 89' lang='lat' dir='ltr'>iussit</span> <span class='ocrx_word' id='word_1_222' title='bbox 792 3133 972 3197; x_wconf 88' lang='lat' dir='ltr'>Lesbonico</span> <span class='ocrx_word' id='word_1_223' title='bbox 1018 3156 1076 3198; x_wconf 90' lang='lat' dir='ltr'>suo</span> <span class='ocrx_word' id='word_1_224' title='bbox 1122 3147 1220 3220; x_wconf 84' lang='lat' dir='ltr'>gnato</span> 
     </span>
     <span class='ocr_line' id='line_1_28' title="bbox 157 3238 1219 3321; baseline 0.006 -21"><span class='ocrx_word' id='word_1_225' title='bbox 157 3238 232 3302; x_wconf 88' lang='lat' dir='ltr'>dare</span> <span class='ocrx_word' id='word_1_226' title='bbox 257 3240 421 3321; x_wconf 83' lang='lat' dir='ltr'>epistulam</span> <span class='ocrx_word' id='word_1_227' title='bbox 445 3241 486 3304; x_wconf 88' lang='lat' dir='ltr'>Et</span> <span class='ocrx_word' id='word_1_228' title='bbox 514 3246 590 3305; x_wconf 86' lang='lat' dir='ltr'>item</span> <span class='ocrx_word' id='word_1_229' title='bbox 625 3244 705 3304; x_wconf 91' lang='lat' dir='ltr'>hanc</span> <span class='ocrx_word' id='word_1_230' title='bbox 733 3241 864 3304; x_wconf 89' lang='lat' dir='ltr'>alteram</span> <span class='ocrx_word' id='word_1_231' title='bbox 895 3261 953 3303; x_wconf 90' lang='lat' dir='ltr'>suo</span> <span class='ocrx_word' id='word_1_232' title='bbox 977 3244 1078 3305; x_wconf 91' lang='lat' dir='ltr'>amico</span> <span class='ocrx_word' id='word_1_233' title='bbox 1104 3242 1219 3307; x_wconf 87' lang='lat' dir='ltr'>Callicli</span> 
     </span>
     <span class='ocr_line' id='line_1_29' title="bbox 156 3345 348 3409; baseline 0 -3"><span class='ocrx_word' id='word_1_234' title='bbox 156 3347 242 3408; x_wconf 89' lang='lat' dir='ltr'>iussit</span> <span class='ocrx_word' id='word_1_235' title='bbox 266 3345 348 3409; x_wconf 86' lang='lat' dir='ltr'>dare.</span> 
     </span>
    </p>
   </div>
   <div class='ocr_carea' id='block_1_4' title="bbox 264 3487 432 3548">
    <p class='ocr_par' dir='ltr' id='par_1_5' title="bbox 264 3487 432 3548">
     <span class='ocr_line' id='line_1_30' title="bbox 264 3487 432 3548; baseline 0 0"><span class='ocrx_word' id='word_1_236' title='bbox 264 3487 432 3548; x_wconf 81' lang='lat' dir='ltr'>lllaxime.</span> 
     </span>
    </p>
   </div>
   <div class='ocr_carea' id='block_1_5' title="bbox 155 3593 1216 3782">
    <p class='ocr_par' dir='ltr' id='par_1_6' title="bbox 155 3593 1216 3782">
     <span class='ocr_line' id='line_1_31' title="bbox 263 3593 1216 3682; baseline 0.009 -30"><span class='ocrx_word' id='word_1_237' title='bbox 263 3593 368 3672; x_wconf 74' lang='lat' dir='ltr'>Quam</span> <span class='ocrx_word' id='word_1_238' title='bbox 401 3594 583 3657; x_wconf 90' lang='lat' dir='ltr'>brevissime</span> <span class='ocrx_word' id='word_1_239' title='bbox 614 3596 706 3657; x_wconf 90' lang='lat' dir='ltr'>huius</span> <span class='ocrx_word' id='word_1_240' title='bbox 737 3593 876 3660; x_wconf 89' lang='lat' dir='ltr'>adverbii</span> <span class='ocrx_word' id='word_1_241' title='bbox 917 3617 1009 3661; x_wconf 91' lang='lat' dir='ltr'>usum</span> <span class='ocrx_word' id='word_1_242' title='bbox 1044 3618 1216 3682; x_wconf 86' lang='lat' dir='ltr'>exponam,</span> 
     </span>
     <span class='ocr_line' id='line_1_32' title="bbox 155 3698 674 3782; baseline 0.008 -26"><span class='ocrx_word' id='word_1_243' title='bbox 155 3714 228 3757; x_wconf 90' lang='lat' dir='ltr'>cum</span> <span class='ocrx_word' id='word_1_244' title='bbox 252 3698 325 3759; x_wconf 90' lang='lat' dir='ltr'>nihil</span> <span class='ocrx_word' id='word_1_245' title='bbox 348 3699 484 3762; x_wconf 89' lang='lat' dir='ltr'>insolens</span> <span class='ocrx_word' id='word_1_246' title='bbox 507 3701 674 3782; x_wconf 87' lang='lat' dir='ltr'>praebeat:</span> 
     </span>
    </p>
   </div>
   <div class='ocr_carea' id='block_1_6' title="bbox 161 3821 1216 4008">
    <p class='ocr_par' dir='ltr' id='par_1_7' title="bbox 161 3821 1216 4008">
     <span class='ocr_line' id='line_1_33' title="bbox 269 3821 1216 3911; baseline 0.006 -27"><span class='ocrx_word' id='word_1_247' title='bbox 269 3822 297 3899; x_wconf 86' lang='lat'>1)</span> <span class='ocrx_word' id='word_1_248' title='bbox 323 3821 490 3887; x_wconf 89' lang='lat' dir='ltr'>Adiectivo</span> <span class='ocrx_word' id='word_1_249' title='bbox 519 3823 654 3900; x_wconf 90' lang='lat' dir='ltr'>additur,</span> <span class='ocrx_word' id='word_1_250' title='bbox 690 3835 787 3889; x_wconf 89' lang='lat' dir='ltr'>uteo</span> <span class='ocrx_word' id='word_1_251' title='bbox 816 3829 1023 3911; x_wconf 90' lang='lat' dir='ltr'>superlativus</span> <span class='ocrx_word' id='word_1_252' title='bbox 1051 3828 1216 3892; x_wconf 84' lang='lat' dir='ltr'>efficiatur:</span> 
     </span>
     <span class='ocr_line' id='line_1_34' title="bbox 161 3929 527 4008; baseline 0.014 -21"><span class='ocrx_word' id='word_1_253' title='bbox 161 3941 263 4006; x_wconf 78' lang='lat'>11,14.</span> <span class='ocrx_word' id='word_1_254' title='bbox 288 3929 397 4006; x_wconf 71' lang='lat'>46‚17.</span> <span class='ocrx_word' id='word_1_255' title='bbox 422 3941 527 4008; x_wconf 82' lang='lat' dir='ltr'>7o,15.</span> 
     </span>
    </p>
   </div>
   <div class='ocr_carea' id='block_1_7' title="bbox 264 4051 1218 4143">
    <p class='ocr_par' dir='ltr' id='par_1_8' title="bbox 264 4051 1218 4143">
     <span class='ocr_line' id='line_1_35' title="bbox 264 4051 1218 4143; baseline 0.009 -28"><span class='ocrx_word' id='word_1_256' title='bbox 264 4051 298 4136; x_wconf 84' lang='lat'>2)</span> <span class='ocrx_word' id='word_1_257' title='bbox 324 4053 466 4117; x_wconf 82' lang='lat' dir='ltr'>Aliorum</span> <span class='ocrx_word' id='word_1_258' title='bbox 501 4052 722 4118; x_wconf 81' lang='lat' dir='ltr'>adverbiorum</span> <span class='ocrx_word' id='word_1_259' title='bbox 756 4057 857 4118; x_wconf 87' lang='lat' dir='ltr'>vicem</span> <span class='ocrx_word' id='word_1_260' title='bbox 892 4067 1043 4141; x_wconf 90' lang='lat' dir='ltr'>praestat,</span> <span class='ocrx_word' id='word_1_261' title='bbox 1080 4080 1218 4143; x_wconf 92' lang='lat' dir='ltr'>quorum</span> 
     </span>
    </p>
   </div>
   <div class='ocr_carea' id='block_1_8' title="bbox 0 0 1388 4628">
    <p class='ocr_par' dir='ltr' id='par_1_9' title="bbox 0 0 1388 4628">
     <span class='ocr_line' id='line_1_36' title="bbox 0 0 1388 4628; baseline 0 1"><span class='ocrx_word' id='word_1_262' title='bbox 0 0 1388 4628; x_wconf 95' lang='lat' dir='ltr'> </span> 
     </span>
    </p>
   </div>
  </div>
 </body>
</html>
