2766 4628
672 254 711 315 17

155 432 230 494 tium
255 432 345 509 82‚4:
378 432 506 495 calicem
533 443 697 515 pertusum
726 434 841 496 sumito
869 433 933 495 tibi.
984 433 1090 509 105,o:
1119 434 1144 495 si
1172 436 1218 496 vis

157 538 238 600 bene
274 539 326 601 tibi
376 537 507 616 (alvum)
544 536 675 603 deicere.
731 551 838 614 105‚7:
874 560 964 602 sume
1010 539 1064 601 tibi
1111 538 1216 602 ollam.

160 656 288 720 105,14:
313 663 404 706 sume
427 646 481 708 tibi
504 647 685 709 sextarium.
736 643 843 724 roox'r:
868 643 1074 707 harundinem
1098 643 1219 728 prende

144 751 207 823 ⁴tibi
242 747 383 812 viridem.
440 752 548 835 Atque
588 754 649 815 huc
686 753 790 836 potius
826 749 1025 814 referendum
1058 755 1096 814 sit
1132 751 1217 831 17‚6:

157 858 273 919 amicos
297 853 414 920 domini
449 879 505 921 eos
538 859 655 922 habeat
685 859 742 922 sibi
772 860 899 921 amicos.
947 859 1036 935 483:
1068 857 1160 920 facito
1184 859 1219 920 iis

156 960 326 1025 medullam
350 982 420 1025 cum
445 961 583 1027 medulla
606 966 787 1047 coniungas.

264 1069 411 1151 Vulgaris
435 1073 573 1134 maxime
601 1072 755 1133 sermonis
778 1072 827 1133 hic
857 1068 951 1132 dativi
975 1090 1050 1132 usus
1074 1073 1218 1154 proprius

156 1173 281 1238 videtur
316 1196 404 1249 esse,
445 1179 498 1261 qui
532 1179 627 1239 etiam
668 1173 751 1260 apud
787 1175 931 1239 Plautum
967 1185 998 1239 et
1032 1176 1217 1240 Terentium

157 1283 270 1345 crebro
293 1279 483 1360 inveniturll

263 1389 413 1452 Dativurn
430 1391 482 1473 qui
499 1387 650 1474 pendete
671 1390 771 1452 verbo
789 1409 904 1452 cavere
924 1388 1034 1470 18,14:
1059 1387 1218 1468 „scabiem

156 1498 265 1576 pecori
293 1507 324 1557 et
353 1497 499 1558 iumentis
527 1497 661 1558 cavet0“
692 1497 766 1558 item
791 1493 929 1558 dativum
963 1492 1123 1558 commodi
1147 1516 1218 1558 esse

157 1621 283 1664 censeo.

264 1705 357 1787 Quod
385 1705 519 1791 denique
542 1710 652 1770 attinet
674 1705 713 1770 ad
731 1708 827 1770 verba
841 1727 912 1769 curn
936 1708 1220 1790 praepositionibus

156 1817 333 1897 composita
354 1815 415 1876 hoc
439 1825 487 1875 est
502 1811 678 1876 notandum
693 1825 765 1895 post
781 1834 829 1889 ea,
852 1833 889 1876 ac
905 1815 1075 1897 praecipue
1092 1811 1219 1896 quidem

156 1923 179 1983 si
203 1923 233 1983 in
269 1939 380 1982 eorum
415 1918 639 2002 significatione
676 1922 721 1982 vis
744 1921 984 2004 praepositionis
1007 1930 1135 1984 servata
1159 1933 1216 1996 est,

157 2029 257 2091 multo
292 2028 415 2107 saepius
449 2028 714 2109 praepositionem
749 2029 853 2089 iterari
887 2036 941 2090 aut
972 2027 1063 2091 aliani
1099 2047 1157 2110 pro
1180 2049 1220 2091 ea

157 2133 301 2214 usurpari
324 2151 419 2212 quarn
444 2129 582 2194 dativum
613 2134 688 2213 poni
712 2143 743 2194 et
766 2135 796 2195 in
820 2133 900 2195 libro
925 2129 964 2194 de
994 2154 1028 2195 re
1053 2135 1166 2221 rustica
1190 2144 1222 2197 et

160 2241 191 2300 in
215 2247 392 2299 ceterorum
414 2239 597 2321 scriptorum
623 2239 812 2321 fragmentis.

264 2343 437 2424 Separatim
460 2343 619 2426 agendum
651 2354 698 2406 est
729 2342 768 2406 de
793 2347 1027 2409 constructione
1051 2348 1140 2409 verbi
1163 2349 1220 2409 cir-

156 2446 313 2512 cumdare.
360 2449 517 2532 Exempla
541 2452 624 2533 prius
648 2449 763 2534 affero:
789 2464 899 2531 47,11.
915 2463 1028 2534 postea
1042 2453 1221 2515 stramentis

157 2559 305 2638 (linguam
330 2556 491 2633 bubulam)
508 2553 709 2618 circumdate.
737 2569 847 2634 75,11:
873 2569 904 2620 et
920 2559 1059 2620 cinerem
1078 2567 1223 2620 veterem

160 2674 191 2726 et
214 2655 289 2726 duas
313 2669 418 2742 partes
441 2671 545 2723 terrae
569 2659 760 2726 circumdato
785 2662 905 2726 radices
926 2665 1005 2726 vitis.
1031 2675 1141 2742 75,11:
1168 2686 1222 2727 eas

161 2768 276 2833 radices
315 2766 391 2831 dato
434 2771 551 2832 circum
587 2771 691 2832 vitem.
738 2783 844 2848 104,1:
882 2772 998 2832 circum
1036 2771 1224 2834 vestimenta

160 2895 229 2938 earn
252 2874 335 2939 dato.

263 2978 301 3045 In
325 2981 437 3044 ultimo
461 2983 609 3065 exemplo
633 2984 820 3045 vestimenta
845 2984 1005 3046 obiectum
1025 2993 1081 3046 est.
1106 2984 1221 3045 circum

159 3088 250 3169 igitur
283 3090 427 3149 arerbo
460 3086 536 3151 dare
569 3099 749 3172 separatum
774 3100 822 3153 est
851 3100 882 3153 et
906 3095 1007 3152 verbo
1031 3086 1223 3151 circumdare

158 3193 275 3280 duplex
307 3196 504 3258 accusativus
537 3194 700 3257 adiunctus
734 3206 781 3258 est
815 3207 849 3257 ut
882 3207 993 3269 75,11:
1030 3203 1060 3254 et
1085 3195 1223 3255 cinerem

159 3311 303 3363 veterem
338 3313 369 3364 et
405 3299 483 3363 duas
517 3311 623 3381 partes
647 3311 749 3362 terrae
774 3297 966 3362 circumdato
990 3295 1110 3361 radices
1132 3300 1222 3361 vites,

158 3408 220 3487 Qui
244 3418 350 3469 autem
373 3410 451 3470 haec
475 3408 666 3470 constructio
691 3404 875 3486 explicanda
899 3404 963 3467 est?
988 3401 1223 3468 eodemmodo

159 3524 193 3573 ut
226 3509 343 3593 duplex
379 3516 575 3577 accusativus
606 3524 679 3597 post
709 3514 813 3576 verba
844 3512 1005 3574 transitiva
1036 3531 1108 3574 curn
1132 3532 1224 3596 prae-

158 3619 315 3699 positione
351 3628 434 3681 trans
470 3623 653 3703 composita.
700 3618 821 3682 Pendet
849 3616 1005 3680 secundus
1028 3621 1225 3680 accusativus

160 3746 179 3785 e
203 3727 445 3808 praepositione,
477 3746 548 3788 eam
581 3737 687 3788 autem
723 3737 828 3789 tamen
865 3747 927 3788 non
962 3727 1021 3787 iarn
1047 3735 1080 3787 ut
1105 3745 1225 3787 meram

159 3833 426 3917 praepositionem
451 3853 575 3895 sensam
600 3854 670 3896 esse
695 3833 745 3895 vel
768 3853 839 3896 cum
863 3853 882 3894 a
903 3831 1002 3895 uerbo
1019 3828 1225 3893 derimeretur

267 4057 289 4126 1)
303 4061 335 4110 cf.
350 4062 484 4112 Scliluetcr
498 4062 539 4112 De
553 4064 700 4113 accusativo
715 4071 739 4114 et
760 4062 848 4113 dativo
861 4060 1018 4111 Terentiano
1029 4057 1131 4126 (1873.)
1144 4077 1168 4124 p.
1183 4065 1225 4115 37,

1014 4164 1029 4213 2
