2766 4628
732 266 774 327 42

333 443 416 504 Sub.

332 549 383 612 De
418 548 489 612 loco
519 558 637 611 tantum
666 558 842 633 usurpatur.
896 546 1005 613 Aflero
1030 550 1148 612 solum:
1179 562 1292 624 21,12:

226 659 284 720 sub
309 660 388 721 urbe
411 659 538 719 hortum
563 676 659 718 omne
677 677 785 738 genus.
811 656 846 718 cf.
862 653 908 718 Pl.
922 656 1009 719 Trin.
1035 656 1114 732 508:
1144 666 1193 718 est
1215 675 1293 736 ager

224 767 283 828 sub
307 767 387 827 urbe
410 766 460 826 hic
483 763 582 825 nobis.
616 761 650 824 C.
665 763 691 845 J.
710 761 746 824 L.
765 761 789 836 Ι,
815 775 926 837 201,1:
952 763 1010 824 sub
1026 759 1107 824 aede
1126 761 1292 824 Kastorus

609 916 638 988 2.
662 913 709 988 lle
734 914 905 989 adverbiis¹

333 1008 458 1074 Adeo,

334 1114 475 1180 Handius
498 1113 585 1177 Turs.
612 1115 662 1195 lp.
690 1128 749 1191 137
774 1124 840 1178 act:
866 1115 1022 1193 „Veteres
1038 1117 1216 1199 scriptores,
1240 1116 1295 1177 im-

231 1225 337 1308 primis
363 1223 483 1296 comici,
507 1219 590 1284 adeo
614 1224 654 1283 ita
678 1224 882 1303 usurpabant,
908 1232 952 1296 ut,
976 1221 1061 1284 nulla
1085 1222 1222 1283 eximiae
1246 1220 1296 1283 vel

226 1331 431 1394 accrescentis
456 1325 677 1410 magnitudinis
701 1330 808 1391 habita
831 1330 962 1403 ratione,
992 1346 1051 1408 pro
1081 1347 1121 1390 eo
1146 1337 1178 1390 et
1201 1324 1242 1391 ad
1266 1324 1296 1389 id

228 1448 386 1521 ponerent
408 1434 447 1498 ad
472 1436 649 1520 simpliciter
673 1431 871 1497 indicandum
896 1434 955 1496 loci
983 1434 1034 1497 vel
1062 1435 1213 1519 temporis
1237 1445 1295 1497 ter·

225 1545 356 1622 minum,
373 1564 477 1626 neque
487 1541 715 1606 adscenderent
726 1561 783 1624 per
798 1542 878 1604 hanc
890 1541 1072 1621 particulam
1085 1540 1123 1605 ad
1133 1542 1295 1626 superiora

225 1659 256 1711 et
280 1650 433 1712 maiora.“
487 1649 576 1712 Hanc
610 1647 712 1711 solam
748 1647 1005 1730 significationem
1034 1645 1115 1710 adeo
1144 1649 1242 1710 habet
1265 1648 1295 1709 in

226 1758 355 1820 Catonis
379 1757 499 1839 scriptis
512 1769 544 1817 ut
571 1754 656 1832 47,6:
682 1759 775 1818 artito
791 1775 892 1837 usque
908 1753 990 1819 adeo
1009 1775 1074 1838 quo
1086 1754 1295 1834 praeacueris.

225 1860 353 1939 Ubique
388 1857 471 1923 adeo
503 1882 574 1924 cum
598 1882 699 1944 usque
734 1864 943 1944 compositum
968 1873 1024 1937 est,
1048 1882 1083 1923 ac
1106 1860 1295 1944 plerumque

229 1975 407 2049 sequuntur
430 1977 485 2030 aut
509 1965 584 2030 dum
609 1965 743 2049 (5416)
766 1977 819 2031 aut
842 1964 944 2030 donec
969 1969 1085 2047 (58,15.
1102 1967 1186 2044 62,1.
1212 1966 1297 2043 653.

236 2085 283 2148 15.
315 2087 362 2151 19.
397 2072 517 2154 71,t5.)
555 2088 643 2150 30,1:
681 2094 759 2156 „per
791 2077 957 2138 sementim
985 2077 1121 2159 primum
1149 2074 1296 2156 incipiunt

225 2188 369 2242 maturae
393 2201 473 2260 esse,
496 2190 607 2261 postea
632 2177 836 2263 usqueadeo
860 2191 931 2244 suut
955 2182 1024 2265 plus
1048 2201 1174 2243 menses
1199 2178 1294 2244 Vlll“

226 2282 374 2366 equidem
397 2305 467 2347 non
491 2284 648 2367 intellego.

332 2391 572 2474 aliquantum.

332 2497 441 2575 46,13;
469 2498 613 2578 (ramum)
630 2496 777 2560 inclinato
797 2498 997 2581 aliquantum,
1023 2507 1055 2561 ut
1068 2518 1152 2582 aqua
1164 2494 1293 2562 defluat.

227 2601 272 2666 Cf.
297 2603 385 2667 Trin.
409 2615 487 2680 517:
513 2606 584 2668 Huc
608 2602 748 2668 concede
771 2603 973 2680 aliquantum.

335 2711 472 2773 Antea.

333 2813 1293 2900 Antea,qu0dapudPlautumonminon0n‚apu(lTerentium

228 2921 326 2982 semel
363 2917 476 3002 (Andr.
500 2943 528 2984 v.
555 2923 607 3001 25)
633 2920 805 3002 occurrit,¹)
836 2926 867 2987 in
907 2923 987 2985 libro
1017 2921 1056 2985 de
1089 2941 1112 2987 r.
1137 2945 1160 2986 r.
1194 2924 1294 2988 semel

228 3028 366 3114 (102‚1.),
390 3029 420 3089 in
443 3028 623 3111 fragmentis
648 3031 694 3091 bis
719 3027 840 3111 (52‚14.
865 3026 962 3112 otu.)
988 3040 1099 3092 exstat.

335 3132 525 3197 deorsum.
649 3144 652 3149 '

335 3237 427 3313 Quod
452 3238 592 3304 Handius
621 3241 638 3303 l.
662 3240 679 3302 l.
704 3241 731 3304 ll
754 3263 783 3325 p.
809 3243 874 3306 280
896 3243 937 3305 ait
965 3242 1117 3324 „Antiqui
1147 3243 1292 3306 homines

227 3343 342 3408 dixisse
355 3344 501 3408 videntur
514 3345 665 3410 deorsus‘
682 3349 928 3428 inscriptionibus
941 3348 1096 3428 refellitur,
1112 3349 1142 3410 in
1157 3367 1293 3429 quarum

229 3451 388 3514 volumine
411 3453 514 3536 primo
538 3453 641 3518 forma
664 3453 814 3518 deorsum
838 3455 905 3518 sola
932 3457 1093 3539 reperitur.

333 3557 559 3622 Dumtaxat.

333 3665 507 3728 Dumtaxat
541 3664 639 3745 (28,4.
664 3664 917 3748 34‚12.51,15.)
949 3668 988 3729 ita
1017 3678 1051 3730 ut
1081 3668 1177 3751 vulgo
1206 3668 1292 3730 etin

228 3770 348 3852 legibus
371 3768 497 3854 quidem
522 3772 720 3855 potissimum
745 3783 930 3855 usurpatum
955 3784 1010 3836 est.
1034 3775 1070 3836 cl.
1086 3771 1211 3837 Handl.
1226 3773 1244 3836 l.
1258 3771 1293 3834 ΙΙ

226 3897 255 3959 P·
280 3889 346 3952 330
368 3897 433 3960 sqq·

333 4070 353 4140 1)
373 4074 405 4127 cl.
427 4075 487 4123 Brix
505 4074 537 4122 ad
556 4074 627 4124 Trin.
646 4076 707 4135 568.
726 4076 837 4139 Spengel
856 4075 888 4124 ad
907 4073 988 4124 Andr.
1010 4080 1050 4130 25.
