2766 4628
627 261 668 322 27

118 441 308 524 ponebatur.
332 437 374 500 Ut
388 437 472 514 23,6:
501 439 575 522 iuga
599 459 670 503 cum
702 440 775 502 loris
810 448 931 504 ornata.
965 437 1060 517 629:
1085 448 1185 503 tracta

119 566 192 610 cum
220 545 313 608 melle
337 544 467 608 oblinito
490 546 582 609 bene.
608 546 762 609 Conferas
778 544 925 628 Quadrig.
948 567 998 630 ap.
1024 546 1102 610 Gen.
1126 546 1183 620 IX,

125 664 218 732 13,10
248 649 312 718 (ed.
340 649 477 731 Hertz.):
517 652 679 735 extemplo
718 653 840 715 silentio
877 655 958 715 iacto
996 673 1068 716 cum
1104 673 1188 716 voce

118 759 258 821 maxima
298 755 472 821 conclamat
496 758 576 822 Enn.
601 758 686 834 Ann,
716 772 780 836 530
804 756 868 840 (ed.
894 756 1033 838 Vahlen)
1066 755 1185 821 Effudit

121 882 219 927 voces
241 864 370 944 proprio
394 883 466 926 cum
490 876 619 947 pectore
643 861 790 934 sanctoli

226 969 359 1033 Ceterus
374 973 614 1053 praepositionis
631 971 713 1050 usus',
727 973 780 1054 qni
799 969 874 1035 nihil
885 971 1023 1034 insolens
1039 971 1182 1052 praebet,

119 1077 167 1140 his
189 1077 356 1140 illustratur
379 1076 543 1162 exemplis:

226 1182 331 1246 claves
354 1202 427 1245 cum
450 1184 570 1247 ciostris
594 1197 676 1262 279.
715 1181 799 1247 dolia
822 1203 893 1245 cum
917 1183 991 1247 vino
1015 1195 1099 1260 379.
1133 1203 1187 1245 ur-

119 1309 177 1352 nas
202 1308 274 1352 cum
298 1310 401 1372 aquae
432 1288 559 1354 dimidio
583 1289 690 1355 addito
714 1303 824 1369 42,19.
853 1290 1002 1352 fiscellam
1025 1310 1098 1353 cum
1121 1291 1188 1354 sale

120 1396 265 1480 populari
299 1393 482 1480 suspendito
505 1397 613 1477 65,13.
648 1399 752 1480 virgas
784 1407 924 1460 murteas
951 1397 976 1460 si
999 1397 1089 1460 voles
1112 1416 1185 1460 curn

121 1503 206 1565 bacis
229 1523 358 1566 servare
382 1550 389 1565 .
416 1552 423 1566 .
448 1551 456 1565 .
482 1514 513 1566 et
541 1505 566 1566 si
589 1504 741 1567 ficulneos
764 1505 903 1568 ramulos
926 1503 1017 1566 voles
1040 1523 1112 1567 curn
1135 1504 1149 1565 f
1169 1540 1187 1550 -

121 1609 174 1672 liis.
198 1605 308 1687 69‚t4.
332 1608 427 1672 ollam
450 1610 577 1674 statuito
601 1630 672 1673 cum
696 1630 788 1694 aqua
811 1606 928 1696 98.6.²)

228 1716 318 1791 30‚6:
342 1716 474 1778 arbores
497 1717 574 1779 altas
597 1716 632 1779 Ρ.
648 1715 736 1781 VIIII
760 1738 832 1781 curn
857 1711 1071 1799 cardinibus.3)

228 1822 315 1902 84,6:
350 1842 421 1884 cum
456 1820 532 1886 divis
568 1823 746 1887 volentibus
768 1821 920 1907 quodque
944 1825 1026 1886 bene
1050 1825 1186 1899 eveniat,

124 1925 241 1992 mando
264 1930 329 2009 tibi,
352 1928 443 1992 Mani.
467 1929 567 1993 Multo
591 1933 716 2014 saepius
735 1932 765 1994 in
784 1932 844 1994 hac
860 1930 992 1994 formula
1008 1949 1080 1992 curn
1097 1931 1189 1992 omit-

124 2036 197 2098 titur
220 2033 276 2097 sed
300 2036 408 2099 confer
432 2036 512 2099 Enn.
536 2037 622 2101 Ann.
647 2050 710 2113 507
736 2034 802 2118 (ed.
827 2032 983 2119 Vahlen):
1012 2037 1108 2099 Dono
1133 2033 1189 2098 du-

125 2144 183 2206 cite
208 2139 314 2225 doque
338 2143 516 2206 volentibus
537 2163 609 2229 eum
632 2145 754 2227 magnis
778 2140 834 2207 dis.

213 2246 266 2311 de.

230 2354 317 2418 Ante
341 2358 447 2419 omnia
470 2358 501 2419 in
525 2377 583 2419 usu
607 2358 848 2441 praepositionis
872 2353 912 2418 de
935 2374 1189 2418 commemoran-

126 2463 200 2526 dum
234 2474 280 2526 est
313 2485 385 2527 eam
420 2464 544 2545 saepius
578 2462 662 2544 apud
687 2464 844 2526 Catonem
879 2483 938 2546 pro
962 2463 1110 2545 genetivo
1134 2468 1190 2523 aut

126 2568 280 2633 adiectivo
316 2571 449 2654 positam
483 2591 563 2632 esse.
619 2569 719 2632 Recte
749 2565 889 2631 Han'dius
912 2568 930 2630 l.
953 2568 972 2630 l.
997 2567 1025 2631 ΙΙ
1053 2589 1082 2651 p.
1107 2579 1190 2630 202:

128 2677 330 2757 „Genetivus
365 2677 471 2760 inquit,
507 2695 578 2739 cum
613 2676 768 2738 rationem
793 2677 956 2758 exprimat,
991 2694 1054 2758 qua
1076 2670 1192 2757 aliquid

126 2784 186 2846 alia
209 2805 244 2846 re
267 2781 416 2864 pendeat,
439 2784 505 2844 sive
534 2781 562 2843 ei
590 2783 752 2845 inhaereat
776 2782 842 2844 sive
865 2783 903 2844 sit
925 2778 998 2844 inde
1021 2793 1193 2864 sumptum,

128 2892 160 2954 in
182 2911 298 2974 graeca
325 2900 358 2953 et
385 2889 479 2953 latina
508 2898 539 2951 et
572 2889 603 2950 in
637 2888 702 2950 aliis
725 2889 837 2969 linguis
859 2888 893 2950 fit
917 2901 951 2950 ut
974 2885 1058 2950 idem
1081 2907 1192 2950 sensus

127 2999 220 3061 etiam
243 3018 300 3081 per
324 2996 576 3082 praepositiones
600 2995 794 3077 exprimatur
812 3013 894 3075 quae
915 3004 987 3057 sunt
1006 2984 1077 3056 ἆπὸ
1095 3003 1127 3056 et
1145 2987 1192 3069 en,

126 3115 200 3167 aet
224 3101 295 3168 de.“
352 3105 462 3188 Itaque
497 3100 644 3166 omnibus
677 3103 873 3183 temporibus
908 3109 979 3184 post
1012 3098 1194 3163 numerales

126 3212 273 3274 notiones
292 3209 427 3295 exempli
443 3210 541 3292 gratia
560 3216 592 3270 et
608 3208 857 3291 praepositiones
881 3205 920 3268 de
937 3218 969 3269 et
985 3225 1026 3267 ex
1042 3215 1074 3267 et
1097 3225 1192 3288 gene-

126 3318 225 3380 tivum
249 3318 437 3391 invenimus,
461 3326 496 3378 ut
519 3318 613 3380 etiam
637 3314 720 3401 apud
746 3315 919 3378 Catonem:
950 3323 1034 3390 12,3:
1060 3309 1099 3372 de
1123 3331 1193 3373 orn·

127 3424 219 3486 nibus
242 3424 325 3506 agris
348 3424 532 3507 optimoque
556 3424 628 3486 loco
652 3425 762 3504 iugera
784 3421 851 3504 agri
874 3429 1012 3482 centum.
1064 3430 1192 3494 100,13:

129 3528 168 3592 de
204 3530 351 3593 omnibus
391 3531 531 3593 brassicis
565 3529 649 3593 nulla
685 3539 732 3590 est
760 3524 926 3590 illiusmodi
950 3522 1193 3588 medicamento.

127 3645 341 3652 -—---.--—.-

207 3769 210 3772 .
234 3719 255 3791 1)
275 3723 307 3774 ci.
318 3725 403 3775 Hand.
414 3725 431 3775 l.
442 3725 459 3776 i.
469 3725 503 3775 II.
515 3740 540 3788 p,
554 3730 611 3783 159.

234 3809 256 3882 2)
275 3814 307 3863 cf.
328 3814 368 3864 Pl.
387 3813 466 3864 Stich.
486 3812 554 3870 647:
585 3812 682 3862 Cadum
707 3810 785 3860 modo
814 3809 875 3858 hinc
894 3826 908 3858 a
929 3824 968 3857 me
988 3808 1038 3856 hue
1056 3820 1114 3855 cum
1133 3806 1195 3854 vino

128 3903 287 3959 transferam.
307 3903 339 3956 cf.
358 3905 430 3953 Pers.
449 3902 483 3960 11,
504 3911 573 3962 3‚15.
593 3902 668 3952 Cure.
688 3897 731 3950 82.
750 3900 832 3949 Moso.
851 3899 870 3954 Ι,
891 3903 959 3956 391.
979 3895 1037 3961 ceni

235 3986 257 4059 ³)
277 3992 308 4042 ci.
329 3992 357 4042 C.
377 3991 398 4041 1.
418 3991 449 4042 L.
469 3991 489 4047 Ι,
502 3996 634 4048 557‚2,12.
663 4005 720 4040 eum
749 3987 872 4054 parietem
902 4000 961 4035 eum
980 3981 1093 4048 margine
1113 3983 1195 4031 altum

130 4079 208 4130 facito
228 4094 253 4144 p.
275 4074 357 4148 (edes)
376 4081 409 4131 X.
