2766 4628
711 250 750 313 18

201 450 242 491 ex
268 431 440 492 verborum
464 430 671 493 collocatione
694 441 836 513 apparet,
859 448 942 512 quae
963 441 1012 492 est
1032 443 1120 505 1041
1148 429 1267 490 circum

200 538 389 599 vestimenta
423 557 494 598 eam
526 534 609 600 dato.
645 535 682 598 cl.
708 549 884 618 praeterea:
921 536 1015 598 Lucr.
1040 534 1063 612 l,
1088 536 1146 598 81:
1171 535 1267 599 infula

200 644 359 725 virgineos
382 640 575 705 circumdato
599 652 753 726 comptus.
801 642 892 704 Caes.
917 643 948 704 b.
972 662 996 704 c.
1022 640 1071 716 lll,
1095 641 1151 704 bt:
1184 661 1267 724 quos

199 745 371 829 Pompeius
405 797 411 810 .
437 796 444 810 .
468 796 476 812 .
502 796 510 811 .
546 750 652 812 ourrria
683 768 740 810 sua
763 746 917 829 praesidia
940 746 1147 810 circumduxit
1169 757 1266 831 atque

199 856 376 918 ostentavit.

616 1078 664 1152 De
688 1078 840 1154 ablativo.

306 1207 376 1273 Non
412 1211 453 1271 ita
489 1210 585 1271 multa
617 1229 700 1291 quae
724 1229 742 1271 a
765 1211 940 1289 posteriore
976 1210 1066 1272 huius
1090 1228 1181 1272 casus
1204 1228 1264 1272 usu

199 1317 300 1379 aliena
335 1317 396 1379 sint
429 1318 459 1378 in
483 1316 612 1378 Catonis
646 1314 725 1377 libro
762 1313 972 1379 offenduntur.
1020 1315 1102 1378 Cum
1126 1335 1199 1378 eurn
1223 1337 1266 1378 ex

200 1442 275 1485 casu
298 1423 437 1485 ablativo
461 1424 609 1503 genuino,
634 1420 732 1498 locali,
755 1423 980 1486 instrumeutnli
1003 1422 1168 1485 confusum
1194 1443 1265 1485 esse

199 1531 279 1591 inter
303 1549 415 1591 omnes
440 1526 603 1607 constal),
628 1525 802 1590 secundum
828 1550 885 1591 eos
909 1531 1072 1592 materiem
1097 1526 1195 1590 divisi.

522 1649 548 1696 1.
574 1635 625 1698 De
648 1635 787 1698 ablativo
812 1637 957 1718 genuino.

306 1742 472 1804 Ablativus
495 1743 649 1823 genuinus
672 1751 725 1804 aut
753 1761 849 1822 purus
874 1744 1020 1825 exprimit
1048 1741 1153 1804 locum
1177 1737 1264 1803 unde

198 1849 280 1911 actio
314 1849 418 1931 aliqua
458 1848 672 1929 proficiscitur.
731 1851 802 1914 Huc
835 1851 925 1932 igitur
957 1848 1129 1931 pertinent:
1171 1847 1263 1925 16‚15

198 1954 305 2018 alieno
328 1974 456 2016 manum
481 1956 643 2018 abstineat.
675 1969 759 2031 17‚1:
784 1956 900 2019 facilius
925 1952 1099 2038 (familiam)
1124 1954 1207 2015 malo
1232 1963 1265 2014 et

195 2061 300 2124 alieno
316 2061 504 2143 prohibebit.
534 2062 627 2138 rb‚t5
640 2062 743 2125 litibus
759 2063 872 2126 familia
884 2054 1123 2143 supersedeat.2)
1152 2070 1260 2134 t7,20:

196 2169 304 2230 cubitu
339 2161 486 2250 surgat)
524 2181 636 2246 9331:
671 2179 763 2252 prato
795 2171 878 2231 sicco
912 2166 1045 2230 decedat
1079 2164 1130 2249 (cl.
1161 2165 1263 2244 94,t).

195 2274 272 2349 (96.1
300 2293 395 2356 quam
413 2276 588 2336 tenerrimis
600 2276 713 2354 herbis,
737 2286 769 2336 et
792 2275 938 2357 quotiens
951 2293 1032 2354 opus
1046 2275 1112 2350 erit,
1135 2290 1262 2354 purges.

196 2380 289 2459 frgm.
322 2392 407 2456 41,5.
443 2381 529 2443 bono
566 2401 682 2462 genere
717 2382 817 2463 gnatis
852 2374 903 2462 (cl.
928 2380 1024 2456 421)
1060 2380 1149 2461 lrgm.
1175 2381 1260 2454 bom.

198 2487 305 2568 ecquis
329 2533 336 2545 .
361 2533 367 2547 .
394 2532 400 2544 .
424 2486 709 2570 publicisnegotiis
733 2485 903 2569 repulsior?

305 2590 428 2655 Deinde
451 2595 512 2655 huc
535 2596 692 2676 pertinent
715 2595 843 2656 nomina
865 2593 998 2654 urbium.
1049 2591 1130 2654 Cum
1160 2590 1199 2655 ad
1224 2614 1261 2655 ea

198 2697 281 2784 apud
307 2697 452 2762 Plautum
485 2718 581 2780 saepe
605 2701 852 2783 praepositiones
880 2691 1067 2782 accedant),
1097 2695 1175 2762 Cato
1199 2702 1262 2761 iam

198 2806 321 2888 regulas
345 2825 422 2887 quas
445 2802 528 2887 apud
547 2806 691 2867 classicos
703 2808 879 2868 invenimus
896 2807 1044 2888 sequitur.
1071 2805 1107 2866 cl.
1122 2805 1261 2868 Venafro
1362 2876 1365 2880 ⁴

198 2914 304 2990 83‚tt.
330 2907 444 2972 Casino
468 2908 553 2987 843.
579 2911 675 2973 Troici
699 2915 788 2991 lrgm.
819 2923 898 2985 15‚5.

305 3171 325 3240 ¹)
345 3174 376 3223 cl.
402 3174 554 3223 Dclbrueclc
611 3173 726 3232 nutativ,
756 3170 865 3231 Loculis,
899 3173 1101 3226 Instrumentalls
1132 3178 1165 3226 irn
1197 3177 1261 3226 Alt-

199 3263 340 3317 indischen.
361 3263 549 3323 Lateinischeo,
570 3264 750 3313 Griecltischen
770 3264 821 3313 und
842 3265 1001 3315 Deutschen.
1024 3265 1091 3314 Berl.
1115 3263 1189 3322 1867,

306 3357 332 3400 et
349 3352 456 3401 Ebrard.
495 3352 535 3401 De
556 3351 678 3408 Ablativi‚
711 3352 835 3410 Locativi,
857 3354 1061 3404 Instrumentalis
1080 3352 1148 3415 apud
1161 3351 1261 3415 priscos

199 3442 337 3503 scriptores
357 3440 450 3489 latinos
470 3455 526 3490 usu.
563 3441 713 3490 Fleckeisen
734 3443 801 3490 Amr.
822 3443 898 3496 1879,
936 3443 1026 3504 Suppl.
1047 3443 1070 3490 X
1091 3455 1115 3503 p.
1136 3443 1186 3496 583
1201 3447 1260 3497 399.

304 3525 326 3591 2)
347 3528 378 3577 cl.
399 3530 436 3578 Pl.
457 3530 530 3578 Pom.
549 3540 616 3591 414:
644 3531 784 3593 supersede
803 3529 858 3578 istis
877 3530 970 3579 verbis.
1007 3527 1084 3592 Epid.
1111 3535 1153 3585 39,
1173 3546 1261 3594 super·

199 3616 257 3664 sede
276 3617 330 3665 istis
349 3618 426 3666 rebus
446 3618 494 3665 iam

304 3701 327 3770 3)
348 3705 379 3758 cf.
408 3704 447 3753 Pl.
476 3705 543 3755 Men.
573 3712 624 3761 279
651 3721 727 3769 quam
762 3721 809 3769 ego
838 3713 966 3767 opsonatu
992 3707 1080 3757 redeo.
1109 3708 1167 3759 ibid.
1199 3707 1258 3768 289.

201 3795 257 3843 Cas.
276 3793 326 3859 ΙΙΙ,
345 3799 369 3847 5,
391 3792 433 3841 (16.

306 3879 328 3946 4)
348 3882 379 3931 el.
399 3883 570 3944 Kampmaun.
601 3881 643 3930 De
670 3880 696 3930 in
724 3884 920 3946 praepositionis
950 3900 997 3934 usu
1020 3887 1142 3936 Plautino
1166 3884 1260 3954 (Bresl.

203 3966 291 4035 1845.)
329 3986 354 4034 p,
377 3979 417 4020 ll.
437 3986 492 4034 sqq.
514 3978 538 4019 et
558 3987 583 4034 p,
605 3968 645 4018 ub.
666 3986 722 4034 sqq.
752 3973 811 4020 Brix
830 3973 860 4020 ad
881 3971 951 4027 Trin.
972 3988 997 4028 v.
1021 3983 1076 4028 112.
1097 3977 1208 4039 Spengel
1229 3978 1259 4024 ad

201 4057 282 4109 Andr.
301 4074 326 4109 v.
347 4069 389 4117 70,

220 4378 337 4459 Λ

202 4509 236 4553 ,ιθ

188 4558 236 4595 lt..
