2766 4628
668 271 711 330 45

157 455 190 507 et
213 446 254 507 ab
278 445 411 511 indoctis
436 447 563 509 librariis
588 495 594 510 .
621 496 627 508 .
655 495 660 507 .
685 454 714 509 in
739 457 883 511 veterum
912 449 1007 512 libros
1031 460 1152 514 temere
1175 474 1223 516 re·

157 562 282 636 ceptam
309 603 315 616 .
343 603 349 616 .
374 604 380 615 .
408 554 583 636 Scriptores
607 555 700 633 enim,
722 573 858 637 quorum
875 557 904 617 in
923 556 1005 619 libris
1024 561 1224 622 consentiunt

157 668 190 721 et
213 658 338 724 codices
373 682 415 725 ex
448 663 581 747 antiquis
616 670 688 723 sunt
723 660 803 723 Cato
828 671 859 724 et
882 661 1019 724 Fannius
1051 673 1083 725 et
1111 675 1223 728 auctor

156 765 308 830 librorum
332 765 371 831 ad
391 768 598 844 Herennium,
623 788 663 830 ex
687 767 913 829 recentioribus
937 769 962 829 is
988 770 1040 850 qui
1057 774 1224 854 conposuit

158 871 294 936 Cornelii
317 877 446 938 nomine
463 877 552 949 vitas
577 875 716 949 Tacitus,
742 872 917 956 Appuleius
932 884 1086 955 quateret
1109 874 1224 957 decies⁷

157 979 318 1063 Ulpianus,
342 983 562 1065 Symmachus,
585 978 743 1055 Sidonius,
768 979 921 1041 Minucius
942 979 1041 1054 Felix,
1067 981 1224 1068 Hierony-

157 1104 238 1146 mus.
286 1086 330 1150 At
347 1089 475 1152 Catonis
499 1089 593 1151 libros
618 1085 657 1149 de
681 1108 716 1149 re
739 1087 853 1149 rustica
875 1106 940 1148 uon
965 1088 1104 1151 sinceros
1127 1091 1223 1152 habe-

156 1211 228 1254 mus
252 1190 307 1255 sed
332 1216 349 1255 a
374 1196 479 1257 inultis
503 1205 536 1257 ut
560 1193 684 1258 videtur
707 1194 912 1275 interpolatos
936 1202 967 1255 et
991 1194 1021 1256 in
1046 1195 1106 1257 hoc
1127 1216 1223 1279 quem

158 1294 257 1360 modo
281 1298 450 1363 afferemus
486 1303 558 1363 loco
593 1321 633 1362 ne
668 1300 821 1361 sententia
845 1297 972 1382 quidem
996 1303 1070 1363 satis
1093 1305 1226 1387 perspici

157 1408 295 1486 potest.“
341 1408 423 1471 Pace
461 1410 537 1471 tanti
572 1408 628 1468 viri
664 1402 749 1480 dico,
779 1415 905 1468 nostrae
928 1408 1038 1469 aetatis
1061 1408 1225 1493 philologo

157 1511 252 1572 talem
275 1511 535 1588 affirmationem,
570 1532 684 1576 vocem
720 1511 801 1573 illam
836 1510 920 1574 haud
945 1533 1016 1575 raro
1040 1513 1124 1598 apud
1148 1518 1225 1579 anti-

157 1636 238 1698 quos
263 1620 433 1702 scriptores
450 1623 610 1682 inventam
627 1619 684 1680 toti
700 1618 873 1699 antiquitati
889 1640 959 1680 esse
975 1619 1224 1695 abiudicandam,

157 1723 348 1788 levissimam
383 1736 414 1788 et
448 1726 539 1809 plane
567 1725 684 1786 futilem
722 1721 826 1785 videri.
873 1717 961 1786 Nihil'
983 1725 1075 1807 igitur
1099 1749 1139 1790 ex
1164 1730 1225 1790 hoc

157 1831 313 1893 vocabulo
339 1829 377 1893 de
389 1833 478 1895 Porci
502 1833 567 1895 libri
584 1830 824 1915 interpolatione
841 1830 941 1911 colligi
956 1840 1071 1911 potest.
1124 1834 1217 1896 Cors-

157 1956 252 1999 senus
278 1935 426 2023 Ausspr.2
442 1939 469 2002 ll
481 1961 511 2023 p.
524 1939 589 2016 869
612 1939 655 2000 sic
679 1935 868 2000 vocabulum
892 1939 1039 2023 explicat:
1065 1940 1219 2023 „imprae-

156 2046 326 2132 sentiarum
363 2043 551 2109 entstanden
585 2064 643 2106 aus
677 2045 707 2106 in
735 2047 910 2124 praesentia
939 2047 1052 2108 harum
1078 2040 1222 2130 [rerum],

157 2152 217 2213 wie
241 2149 291 2213 die
316 2152 507 2234 Gegenwart
538 2152 723 2214 bezeichnet
755 2147 831 2211 wird
863 2149 961 2214 durch
986 2156 1047 2214 hoc
1072 2160 1228 2236 tempore,

157 2259 218 2319 hoc
242 2278 337 2333 anno,
363 2260 483 2321 hornus
500 2269 559 2321 etc.
587 2257 788 2319 ...Rerum
812 2259 850 2318 ist
872 2255 924 2319 bei
948 2260 1226 2341 inpraesentiarum

156 2364 368 2442 ausgelassem
380 2366 441 2426 wie
455 2366 485 2426 iu
498 2365 554 2427 der
567 2363 775 2447 Verbindung
785 2361 1028 2449 repetendarum
1041 2369 1225 2428 accusare.“

157 2468 204 2534 Nil
238 2471 343 2533 habeo
376 2467 464 2554 quod
499 2468 643 2551 adiciam,
677 2471 861 2552 praesertim
895 2467 980 2552 quod
1006 2471 1125 2546 locum,
1160 2491 1226 2554 quo

157 2586 261 2639 exstat
284 2577 362 2639 haec
387 2598 453 2662 vox
468 2575 550 2660 apud
573 2579 728 2641 Catonem
740 2573 867 2657 (be),
890 2597 942 2638 me
965 2597 1029 2640 non
1044 2577 1226 2660 intellegere

157 2683 256 2745 libere
280 2693 327 2745 est
350 2680 572 2764 profitendum.

264 2790 377 2853 lntro.

271 2909 403 2973 10415:
438 2893 609 2958 turundam
633 2897 715 2958 intro
738 2891 865 2958 trudito.
918 2906 1026 2972 105,3:
1060 2897 1225 2959 inaurem

158 3002 239 3063 intro
271 3001 410 3082 tepidum
446 3002 605 3066 instillato.
658 3015 761 3080 102‚5:
798 3022 862 3063 uno
894 3001 995 3063 verbo
1019 3002 1126 3063 omnia
1149 3022 1227 3065 sana

158 3105 258 3181 faciet,
293 3108 375 3170 intro
412 3130 494 3191 quae
531 3108 714 3172 dolitabunt.
780 3121 895 3185 104,19
930 3116 962 3168 et
989 3109 1013 3168 si
1037 3106 1171 3189 polypus
1195 3110 1225 3169 in

157 3231 236 3273 naso
259 3213 340 3275 intro
357 3216 425 3277 erit.
474 3214 572 3278 Vides
596 3217 686 3300 igitur
711 3216 740 3275 in
761 3210 885 3274 duobus
906 3214 1133 3296 posterioribus
1150 3212 1226 3276 locis

157 3318 239 3379 intro
274 3315 358 3381 idem
381 3322 488 3384 valere
524 3332 620 3406 atque
655 3323 744 3383 intus.
795 3317 937 3381 Handius
973 3320 1066 3401 igitur
1094 3339 1135 3381 ex
1163 3321 1225 3382 hoc

158 3425 304 3487 vocabuli
339 3446 397 3489 usu
432 3429 542 3491 librum
577 3429 800 3510 interpolatum
834 3446 903 3487 esse
928 3422 1064 3502 effecit.1)
1116 3427 1225 3509 Atque

158 3531 254 3592 habet
289 3552 324 3593 re
355 3553 429 3598 vera
460 3535 544 3618 apud
573 3536 720 3598 Plautum
754 3551 927 3614 numquam
961 3532 1115 3612 particula
1143 3536 1225 3596 intro

158 3657 229 3700 eam
263 3637 555 3722 significationem.2l
613 3640 714 3705 Nihilo
753 3641 860 3701 minus
895 3640 976 3700 intro
1008 3639 1065 3701 illis
1099 3636 1224 3701 duobus

265 3795 286 3866 ¹)
306 3799 390 3848 Hand.
410 3800 427 3848 l.
447 3803 463 3850 l.
483 3803 526 3858 Ill,
547 3809 613 3858 442:
644 3802 701 3850 Hos
732 3798 836 3849 Catonis
866 3798 943 3845 libros
972 3800 1005 3846 ab
1034 3800 1119 3847 aliena
1147 3813 1222 3846 manu

156 3887 329 3954 interpolatos
347 3888 379 3936 ad
398 3904 444 3938 nos
457 3891 557 3939 venisse
576 3907 627 3939 non
647 3891 727 3939 semel
747 3890 796 3939 iam
815 3891 972 3941 notavimus,

262 3972 284 4043 ²)
304 3978 363 4027 Non
383 3984 525 4042 repugnant
545 3978 621 4028 Truc.
642 3987 708 4035 920:
737 3975 844 4028 Condidi
867 3980 934 4027 intro
954 3977 1023 4040 quod
1044 3975 1143 4024 dedisti.
1164 3972 1224 4022 ibid.

157 4071 222 4122 750:
241 4067 312 4116 Intro
332 4067 468 4130 accipitur:
489 4068 593 4132 quando
613 4072 777 4132 acceptumst,
798 4083 848 4117 non
868 4071 953 4131 potest
973 4064 1032 4113 ferri
1051 4063 1128 4112 foras.
