2766 4628
661 286 700 347 51

440 480 441 484 ¹
473 456 502 528 3.
525 455 572 529 De
596 457 886 532 coniunctionibus.

258 565 398 648 Atque,
424 577 472 642 et,
498 589 579 650 que.

155 736 158 740 .
257 674 386 736 lnanem
411 676 443 734 el
467 694 580 737 vanam
605 693 736 755 operam
760 696 832 737 esse
854 686 941 756 puto,
968 677 992 736 si
1015 677 1083 759 quis
1107 674 1209 739 discri-

151 781 236 842 mina
267 778 489 863 particularum
522 790 554 843 et
588 800 651 863 que
688 791 783 864 atque
814 790 953 844 statuere
986 781 1090 859 vellet,
1124 779 1209 863 quod

149 888 259 948 attinet
282 883 321 948 ad
339 885 605 967 significationem,
630 906 701 949 cum
719 908 789 949 eam
813 885 896 970 apud
917 907 1028 949 omnes
1052 897 1113 949 tres
1137 908 1209 951 ean-

152 988 224 1054 dem
250 1012 319 1053 esse
344 993 417 1054 milri
441 994 658 1074 persuaserim.
705 992 859 1056 Attamen
882 994 1029 1056 nonnulla
1054 1013 1128 1055 usus
1152 991 1210 1055 dis-

150 1099 279 1160 crimina
294 1099 456 1161 manifesta
471 1108 550 1160 sunt.
600 1100 719 1162 Fronto
736 1101 777 1162 ait
792 1101 880 1182 epist.
897 1121 927 1182 p.
944 1101 987 1175 36
1003 1098 1054 1178 (ed
1071 1099 1209 1178 Naber.):

150 1224 241 1284 ‚pam
266 1205 320 1266 uni
347 1204 387 1267 Μ.
411 1204 525 1266 Porcio
554 1226 605 1267 me
635 1203 775 1268 dedicavi
809 1216 903 1288 atque
935 1203 1088 1288 despondi
1114 1217 1210 1288 atque

151 1308 302 1392 delegavi.
349 1309 421 1372 Hoc
451 1313 544 1373 etiam
574 1313 676 1395 ipsum
705 1324 799 1394 atque
830 1309 912 1374 unde
942 1313 1049 1395 putas?
1079 1333 1119 1376 ex
1143 1315 1210 1396 ipso

150 1417 286 1478 lurore.“
333 1416 488 1479 Catonem
513 1419 604 1499 igitur
624 1417 773 1495 particula
795 1428 891 1501 atque
908 1419 1096 1480 creberrime
1119 1439 1210 1482 usum

152 1523 246 1584 fuisse
270 1533 409 1603 apparet.
455 1523 563 1605 Atque
591 1525 652 1586 hoc
683 1525 872 1599 orationum,
902 1526 1057 1608 originum
1091 1536 1211 1588 cetero-

151 1648 221 1690 rum
245 1631 431 1711 scriptorum
466 1628 601 1712 reliquiis
636 1632 871 1712 comprobatur,
908 1632 939 1693 in
971 1632 1084 1714 quibus
1116 1640 1212 1714 atque

151 1736 322 1816 nonaginta
344 1754 419 1813 uno,
447 1745 479 1797 et
503 1737 609 1818 viginti
639 1757 767 1812 novem,
795 1758 858 1820 que
887 1738 993 1817 viginti
1017 1738 1114 1799 tribus
1137 1739 1212 1799 locis

150 1849 261 1903 exstat.
310 1837 432 1920 Quodsi
460 1851 568 1903 autem
604 1843 632 1903 in
662 1843 741 1905 libro
771 1840 810 1905 de
834 1863 858 1905 r.
883 1864 905 1905 r.
936 1854 1031 1924 atque
1055 1845 1212 1905 rarissime

152 1947 294 2032 (septies)
324 1967 401 2030 prae
430 1957 461 2010 ct
490 1946 701 2030 (quingenties
732 1950 827 2011 vicies
855 1943 916 2032 bis)
940 1959 1057 2031 etque
1080 1946 1213 2028 (centies

151 2055 276 2135 sexgies
322 2046 447 2135 quater)
482 2057 626 2129 occurrit,
669 2053 740 2117 inde
779 2055 881 2137 colligi
915 2065 1029 2138 potest,
1064 2053 1093 2118 id
1125 2053 1211 2138 quod
1285 2050 1287 2054 '

150 2161 244 2222 etiam
279 2179 320 2220 ex
352 2160 577 2221 recentioribus
611 2163 791 2223 auctoribus
825 2162 972 2243 cognosci
1005 2161 1084 2235 licet,
1117 2172 1212 2244 atque

151 2267 300 2328 orationis
324 2286 394 2327 esse
418 2265 528 2346 elatae,
553 2275 585 2328 et
608 2269 762 2330 sermonis
778 2268 870 2329 ieiuni
894 2277 925 2329 et
949 2265 1094 2351 vulgaris.
1141 2265 1214 2342 Qui-

152 2373 211 2434 bus
234 2374 412 2456 praemissis
436 2371 476 2437 de
500 2374 625 2456 singulis
649 2373 803 2455 particulis
828 2371 1022 2436 disseramus.

258 2479 375 2563 Atque.
423 2480 541 2544 Forma
572 2501 609 2543 ac
643 2479 740 2542 semel
771 2478 900 2558 (4213)
928 2489 1000 2541 ante
1025 2481 1157 2543 litteram
1181 2503 1212 2544 m

150 2583 329 2648 offenditur.
376 2587 442 2649 Ter
465 2585 588 2666 (54.18.
617 2599 701 2661 5t,t.
735 2584 846 2666 63,t1)
871 2588 1083 2670 manuscripta
1106 2607 1212 2649 exem-

151 2693 251 2775 plaria
278 2694 396 2755 ommia
428 2694 610 2773 scripturam
644 2689 747 2774 adque
782 2693 942 2766 exhibent,
976 2712 1058 2774 quae
1096 2694 1162 2756 iure
1195 2715 1213 2756 a

151 2797 255 2860 Keilio
289 2818 354 2860 non
390 2801 420 2862 in
452 2809 576 2862 textum
611 2808 738 2882 recepta
772 2793 860 2881 est,1)
895 2818 966 2861 cum
995 2801 1105 2862 ceteris
1138 2801 1213 2863 locis

150 2905 268 2988 ubique
291 2914 386 2987 atque
409 2906 558 2989 scriptum
593 2909 639 2968 sit.
685 2903 724 2968 In
762 2907 997 2986 comparatione
1039 2917 1134 2989 atque
1167 2909 1213 2971 his

152 3010 228 3072 locis
252 3009 433 3073 offenditur:
459 3024 552 3087 51,t:
578 3011 759 3074 Pomarium
789 3013 988 3074 seminarium
1012 3012 1052 3075 ad
1077 3011 1214 3077 eundem

152 3114 284 3179 modum
317 3125 413 3198 atque
448 3117 647 3200 oleagineum
680 3118 782 3180 facito
828 3118 937 3193 63,11.
971 3116 1087 3181 eodem
1116 3119 1213 3183 modo

154 3224 444 3307 conponitoatque
468 3225 593 3306 spiram.
628 3224 664 3285 tl.
699 3223 742 3285 Pl.
766 3223 858 3285 Most.
894 3224 916 3296 l,
946 3222 1037 3299 3‚63:
1068 3222 1214 3287 Eundem

152 3329 292 3391 animum
309 3339 435 3413 oportet
450 3349 533 3392 nunc
550 3331 623 3392 mihi
640 3351 719 3406 esse,
736 3338 858 3413 gratum
875 3340 908 3392 ut
925 3329 1086 3413 inpetrari,
1106 3330 1214 3413 Atque

153 3434 238 3514 olim,
261 3436 424 3519 priusqum
448 3434 478 3498 id
507 3433 624 3510 extudi,
655 3455 753 3517 quom
777 3435 816 3497 illi
847 3434 1096 3499 subblandiebar.
1141 3437 1214 3501 Ter.

154 3539 269 3604 Heaut.
294 3542 357 3618 265
381 3541 462 3606 Nam
497 3552 528 3604 et
560 3544 651 3604 ultast
683 3551 715 3603 et
746 3541 867 3603 animus
900 3551 931 3606 te
965 3563 1039 3626 erga
1071 3541 1155 3606 idem
1178 3565 1214 3608 ac

152 3641 248 3733 fuit.²)

260 3909 281 3977 ¹)
301 3913 333 3963 cl.
353 3913 462 3962 Corssen
482 3913 499 3965 l.
520 3913 537 3965 l.
556 3911 568 3960 l
587 3927 614 3975 p.
636 3918 694 3966 193.

260 3997 281 4066 ²)
303 4001 404 4063 Quodsi
421 4001 603 4050 Fuhrmannus
622 4000 647 4049 in
667 4001 837 4063 disputatione
863 4002 901 4050 cui
927 4001 1071 4051 inscribitur
1090 4001 1129 4050 die
1151 4003 1216 4052 Ver·

154 4088 371 4153 gleichungssarze
397 4091 438 4140 bei
458 4091 575 4140 Plautus.
612 4090 688 4154 Jahn.
712 4091 779 4141 Ann.
803 4097 820 4139 t.
840 4096 882 4148 97.
902 4106 926 4140 a.
949 4087 1015 4138 1868
1039 4105 1064 4153 p.
1089 4087 1139 4152 842
1167 4091 1214 4139 ait:

1003 4185 1037 4241 4*
