2766 4628
670 273 690 338 3

154 455 246 539 liquis
270 455 397 519 Catonis
420 453 504 518 libris
537 432 718 537 discrepare.
737 451 1003 519 demonstrarem..
1046 452 1136 520 Nunc
1159 457 1220 543 hoc

155 582 256 625 unum
279 560 366 646 quod
390 564 532 626 omnium
562 564 700 625 maxime
732 571 877 646 apertum
900 570 948 624 est
971 572 1099 642 moneo,
1117 562 1222 645 'prisca

155 669 257 732 verba
289 676 321 731 et
355 671 473 752 priscas
504 670 676 732 verborum
712 669 829 732 formas
852 669 884 731 in
912 668 946 729 iis
970 685 1053 750 quae
1075 687 1095 730 a
1118 687 1220 750 gram·

156 776 275 837 maticis
306 784 431 836 servata
466 779 547 855 sunt,
581 777 704 838 etiamsi
727 777 767 839 ab
789 777 835 855 iis,
860 793 941 855 quae
964 775 1027 839 hoc
1048 774 1121 859 ipso
1146 784 1221 837 ‘con-

159 880 236 959 silio,
259 888 293 941 ut
316 880 587 963 antiquioris-aevi
610 879 809 945 consuetudo
832 889 994 944 notaretur
1011 881 1223 963 ascripserunt

158 982 358 1059 discedimus
392 985 493 1049 multo
529 987 721 1069 frequentius
745 985 949 1072 deprehendi,
983 1006 1078 1069 quam
1106 988 1136 1049 in
1159 987 1221 1051 hoc

156 1091 247 1154 libro.
295 1087 383 1163 Quae
407 1112 458 1153 res
485 1094 592 1155 nescio
617 1090 782 1176 quomodo
805 1091 974 1168 acciderit,¹
991 1093 1050 1161 ntsi
1073 1112 1220 1174 magnam

157 1199 375 1272 mutationem,
400 1215 464 1272 qua
487 1200 607 1282 priscae
630 1199 755 1282 linguae
778 1198 866 1263 color
891 1197 1120 1273 detraheretur,
1143 1197 1222 1261 liber

157 1313 308 1387 expertus
341 1312 449 1366 esset..
478 1304 531 1366 An
567 1324 642 1368 casu
674 1305 790 1368 lactum
826 1325 896 1367 esse
930 1302 1078 1378 dicemuS,
1104 1302 1223 1387 quod,

158 1429 231 1473 cum
266 1410 296 1473 in
329 1411 363 1471 iis
387 1429 471 1493 quae
494 1410 580 1473 latini
603 1413 806 1494 grammatici,
833 1411 947 1494 quibus
971 1429 1035 1476 non
1060 1429 1130 1479 esse
1154 1428 1222 1474 cor·
1265 1478 1267 1483 ,

156 1517 277 1599 ruptius
312 1517 500 1599 scriptorum
538 1537 639 1598 genus
671 1526 803 1594 constat,
841 1525 1055 1592 servaverunt,
1088 1513 1223 1598 plurima

157 1623 306 1705 antiquae
338 1619 480 1684 dictionis
518 1624 649 1705 vestigia
672 1624 778 1686 relicta
801 1624 875 1698 sint,
899 1623 1085 1705 paucissima
1107 1623 1146 1691 in,
1161 1623 1223 1696 hoc

158 1725 199 1789 de
223 1728 412 1810 agricultura
435 1726 515 1791 libro
538 1729 698 1792 restanti“
742 1730 813 1812 Jam
832 1728 993 1810 intellegis,
1022 1728 1130 1811 quanti
1153 1746 1222 1790 mo·

156 1836 256 1896 menti
292 1835 329 1896 sit
361 1836 517 1896 sermonis
552 1831 681 1918 diligens
716 1844 748 1897 et
777 1843 923 1898 accurata
957 1833 1149 1905 examinatio
1183 1830 1223 1895 ad

155 1927 379 2023 ¹quaestionem
402 1948 542 2002 nostram
567 1938 801 2005 ‹liiudicandam
836 1941 867 2003 Si
888 1937 979 2002 enim
992 1952 1110 2002 revera·
1128 1926 1225 2001 multa

156 2055 227 2109 toto
269 2045 348 2108 libro
391 2030 677 2133 deprehenduntur,
721 2032 804 2130 quae
843 2047 1036 2118 abhorreant
1073 2046 1114 2108 'ab
1147 2044 1224 2107 illius

156 2153 271 2214 'aetatis
305 2172 464 2230 sermone,
495 2154 562 2216 sive
595 2153 718 2216 formae
741 2133 808 2215 sive
832 2151 987 2215 vocabula
1010 2153 1076 2214 sive
1099 2159 1224 2213 senten-

157 2260 272 2321 tiarum
306 2267 479 2321 structarae
513 2268 608 2344 atque
640 2279 752 2335 nexuS,
788 2266 890 2322 totum
914 2258 1053 2335 librum,
1071 2276 1136 2321 non
1160 2278 1224 2347 ser-

155 2351 290 2427 monem
315 2364 427 2445 solum,
450 2373 606 2428 mutatum
629 2387 700 2429 esse
723 2374 867 2450 apparet3
903 2366 926 2428 si
947 2374 1053 2428 autem
1069 2348 1225 2426 nonnullis

157 2473 281 2534 'tantum
304 2469 381 2533 locis
397 2471 470 2534 talia
484 2477 663 2548 occurrunt,
688 2494 744 2535 eos
756 2471 966 2556 interpolatos
979 2491 1050 2532 esse
1062 2468 1226 2554 probabile

159 2586 216 2639 est.
259 2578 379 2640 Contra
402 2579 426 2640 si
450 2575 658 2642 demonstrari
681 2588 802 2662 potest,
812 2582 994 2640 sermonem
1010 2577 1140 2638 omnino
1160 2594 1225 2638 non

159 2704 231 2746 esse
255 2694 420 2763 mutatum,
449 2685 511 2746 iam
532 2686 640 2747 ‘multo
664 2686 785 2747 cautius
813 2679 853 2746 de
881 2692 949 2746 tota
972 2683 1157 2765 quaestione
1181 2682 1224 2743 iu·

158 2787 326 2853 dicandum
349 2800 406 2854 est.
841 2784 845 2790 ’
1021 2799 1028 2809 ’
1078 2786 1080 2792 ’

267 2896 312 2959 At
346 2905 522 2959 ceterorum
547 2898 677 2960 Catonis
699 2898 885 2981 scriptorum
918 2895 1061 2978 reliquias
1077 2893 1170 2957 solas
1193 2894 1224 2955 in

160 3004 432 3087 comparationem
443 3022 571 3078 vocare,
595 3013 628 3065 ut
653 3000 854 3066 commendat
867 3002 986 3066 Keilius
1002 3001 1021 3064 l.
1036 3021 1073 3075 c.,
1098 3001 1225 3062 minime

159 3130 234 3172 mea
274 3106 402 3193 quidem
443 3111 596 3172 sententia
631 3109 756 3189 sufficit,
790 3130 827 3173 ac
861 3107 989 3193 quidem
1025 3105 1065 3168 de
1104 3104 1225 3168 duabus

159 3217 358 3298 potissimum
392 3216 511 3280 causis:
546 3216 588 3277 ob
613 3233 723 3277 earum
747 3217 951 3298 exiguitatem
975 3215 1225 3297 scriptorumque

160 3319 384 3384 diversitatem.
431 3320 511 3385 Nihil
535 3323 618 3384 enim
648 3319 800 3384 diversius
823 3322 952 3404 cogitari
976 3339 1071 3402 posse
1096 3320 1224 3397 conten*-

161 3425 245 3508 dam,
269 3447 365 3511 quam
383 3428 511 3491 Catonis
534 3429 584 3491 hic
608 3426 648 3491 de
671 3429 859 3511 agricultura
881 3427 957 3489 liber
974 3427 1105 3508 eiusque
1121 3434 1226 3488 cetera

160 3536 283 3617 scripta.
330 3534 402 3614 Qua
434 3531 474 3596 de
508 3555 543 3596 re
581 3555 651 3597 cum
687 3536 810 3619 saepius
834 3531 972 3596 dicturus
996 3533 1063 3607 sim,
1086 3551 1169 3594 nunc
1193 3541 1227 3593 ut

161 3639 236 3725 quid
277 3642 409 3703 sentiam
448 3641 517 3703 ilico
544 3642 720 3723 intellegas,
759 3638 915 3703 deliberes
947 3659 1076 3721 quaeso,
1113 3641 1227 3702 nostris

161 3748 359 3832 temporibus
391 3756 544 3830 quantum
578 3748 695 3809 intersit
729 3745 815 3830 quod
851 3744 890 3810 a'd
928 3747 1064 3829 linguam
1098 3747 1227 3808 attineat

161 3855 259 3916 inter?
277 3853 373 3916 libros
408 3850 448 3915 de
481 3854 576 3914 rebus
611 3855 706 3936 gestis
741 3845 935 3935 compositos
964 3862 994 3914 et
1017 3853 1130 3914 librum
1154 3853 1226 3924 artis

162 3957 321 4044 coquendi
344 3968 515 4042 praecepta
546 3961 768 4022 continentem.
816 3957 1023 4022 Nihilominus
1048 3968 1226 4020 ceterorum

162 4070 350 4152 scriptorum
384 4065 562 4148 fragmenta
596 4076 671 4129 ante
707 4061 824 4140 onmia
848 4062 1062 4145 comparanda
1097 4084 1167 4126 esse
1196 4065 1227 4127 in

1014 4179 1047 4236 1*
