2766 4628
715 256 755 318 32

315 430 385 496 ibid.
408 432 619 497 6828=0r.
646 436 732 511 3787
762 434 794 513 (a
817 455 845 518 p.
870 433 944 497 Chr.
974 429 1064 515 tt3lz
1095 434 1128 496 ln
1153 434 1275 497 curiam

202 540 330 603 luerunt
356 539 482 603 Pantius
506 539 626 602 Celsius
650 538 752 603 dictat.
776 549 836 602 cet.

317 681 402 743 Tum
434 679 575 744 Seidelus
603 679 697 744 docet
721 701 752 743 m
776 681 909 744 litteram
936 703 1001 745 non
1029 681 1127 744 modo
1157 683 1275 763 saepis-

211 788 289 850 sime
313 789 344 850 in
368 789 619 870 inscriptionibus
643 790 792 851 omissam
816 786 872 850 sed
900 791 994 852 etiarn
1018 788 1095 851 falso
1118 785 1276 851 adiectam

208 915 292 973 esse3
317 891 347 955 id
371 892 456 977 quod
481 897 596 957 lactum
620 916 690 957 esse
721 896 764 958 ob
793 896 962 957 obscurum
992 891 1193 978 debilemque
1222 915 1274 957 so-

209 1020 297 1062 mum
319 1001 413 1062 huius
430 999 550 1063 litterae
571 1003 601 1063 in
626 1020 741 1063 vocum
762 1003 990 1064 terminatione.
1036 1001 1159 1064 Omnes
1182 1001 1276 1082 igitur

209 1108 291 1191 quos
315 1127 410 1189 supra
434 1109 524 1190 posui
553 1106 642 1169 locos
669 1105 794 1169 duobus
818 1109 956 1188 exceptis
980 1107 1014 1187 (l,
1044 1120 1165 1185 200‚14
1188 1106 1274 1192 sqq.)

209 1211 401 1296 quadratarii
414 1213 633 1296 neglegentiae
649 1212 757 1277 deberi
769 1224 883 1277 censet.
917 1215 1042 1278 Locum
1055 1224 1162 1278 autem
1187 1216 1273 1277 illum

207 1322 261 1402 qui
278 1331 326 1382 est
349 1319 383 1382 C.
410 1319 430 1382 l.
449 1319 486 1382 L.
505 1319 527 1394 Ι,
542 1332 661 1398 200,14
676 1342 734 1405 sqq
755 1323 797 1384 sic
814 1320 962 1405 explicat:
987 1322 1037 1396 „in
1053 1340 1164 1403 agrum
1185 1340 1272 1383 com·

210 1446 363 1509 pascuom
386 1424 529 1510 pequdes
551 1438 660 1508 pascet
682 1425 765 1490 idem
793 1427 859 1489 lere
884 1425 1005 1491 videtur
1033 1448 1103 1490 esse
1131 1424 1219 1510 quod
1242 1429 1273 1489 in

211 1552 322 1614 agrum
346 1551 572 1615 compascuum
600 1531 744 1617 pequdes
772 1545 896 1614 pastum
923 1544 997 1617 aget
1024 1535 1128 1617 ibique
1156 1543 1272 1616 pascet.

212 1637 303 1700 Alter
337 1635 451 1701 deinde
484 1642 680 1703 accusativus
716 1642 766 1714 „in
802 1661 874 1702 eum
910 1644 1041 1722 agrum“
1078 1649 1200 1721 spectat
1232 1637 1274 1702 ad

212 1755 311 1808 totam
340 1746 529 1808 sententiam
555 1745 810 1809 antecedentem:
844 1747 948 1826 „Quei
975 1766 1051 1828 ager
1079 1747 1168 1808 locus
1194 1747 1273 1826 pub-

212 1851 288 1914 licus
315 1853 424 1935 populi
453 1852 589 1915 Romani
618 1855 649 1915 in
675 1862 758 1915 terra
789 1853 876 1916 ltalia
904 1852 937 1915 P.
969 1852 1096 1916 Muncio
1131 1852 1168 1915 L.
1203 1851 1273 1915 Cal·

212 1960 325 2042 purnio
355 1977 417 2020 cos.
442 1957 516 2019 luit“
541 1961 661 2040 positus
685 1960 771 2042 quasi
796 1980 853 2043 pro
878 1956 986 2040 „quod
1009 1960 1039 2020 in
1063 1978 1138 2021 eurn
1161 1978 1273 2042 agrurn

212 2068 279 2126 est“
312 2066 379 2126 sive
413 2062 520 2147 „quod
544 2063 585 2127 ad
613 2084 688 2129 eum
710 2085 821 2147 agrurn
849 2064 988 2128 attinet.“
1033 2063 1203 2128 Postremo
1231 2066 1273 2127 sic

212 2181 311 2232 totam
335 2173 555 2252 quaestionem
578 2169 748 2234 concludit:
796 2172 874 2250 „llis
902 2173 1052 2255 expositis
1080 2171 1220 2253 sequitur
1242 2173 1272 2233 iu

213 2277 479 2358 praepositionem
509 2297 581 2339 cum
612 2280 791 2340 accusativo
822 2280 966 2352 quamuis
994 2286 1197 2361 exspectetur
1220 2277 1273 2338 ab·

212 2382 325 2443 lativus
354 2401 419 2444 uon
443 2384 590 2464 coniungi
617 2385 674 2445 nisi
703 2382 828 2447 duobus
856 2384 940 2446 locis.
990 2384 1030 2446 lli
1052 2403 1130 2445 vero
1158 2384 1184 2445 si
1207 2384 1273 2446 sani

206 2499 277 2551 sunt
301 2510 359 2552 nec
384 2487 539 2552 debentur
562 2488 764 2574 quadratario
789 2510 853 2553 nou
877 2493 918 2554 ita
941 2491 1073 2552 multum
1096 2490 1273 2552 anomaliae

203 2597 235 2658 in
258 2617 293 2657 se
322 2596 448 2659 habent.
499 2599 599 2659 Statui
633 2599 724 2679 igitur
753 2596 823 2659 licet
851 2615 908 2677 per
938 2596 1155 2679 inscriptiones
1183 2596 1274 2659 istam

208 2705 462 2765 coniunctionem
495 2704 669 2766 mirabilem
704 2705 733 2765 in
768 2705 922 2765 urbanum
956 2721 1138 2765 sermonem
1170 2703 1274 2765 minus

207 2810 388 2870 convenire.
437 2809 545 2871 Fuerit
570 2811 600 2872 in
624 2830 680 2871 ore
702 2809 931 2884 Romanorum,
955 2819 1061 2871 tamen
1086 2813 1125 2870 ea
1147 2826 1275 2889 semper

206 2911 390 2977 condicione
419 2913 543 2976 videtur
569 2935 627 2978 usa
655 2936 736 2989 esse,
765 2925 799 2976 ut
826 2924 881 2978 aut
909 2935 928 2977 a
956 2916 1157 2997 scriptoribus
1185 2912 1274 2977 adhi-

209 3024 339 3082 beretur
373 3018 412 3082 ad
448 3023 511 3083 vim
548 3023 697 3084 orationis
732 3020 910 3104 augendam
951 3031 982 3083 et
1026 3020 1275 3102 breviloquentia

206 3125 344 3210 quadam
369 3125 544 3190 ornandam
575 3139 628 3190 aut
663 3128 857 3210 plebeiorum
887 3129 1051 3190 hominum
1074 3125 1276 3209 neglegentia

207 3236 382 3318 vitiosaque
406 3235 661 3317 pronuntiatione
684 3233 931 3297 admitteretur.“

317 3360 389 3439 Ego
423 3358 511 3420 aliter
547 3357 586 3420 de
622 3380 660 3421 ea
696 3379 730 3420 re
760 3360 871 3420 sentio.
919 3355 1031 3419 Affero
1068 3358 1202 3439 primum
1233 3376 1276 3418 ex

208 3467 412 3548 scriptoribus
437 3465 583 3546 exempla
606 3485 688 3547 quae
712 3462 752 3526 ad
763 3467 843 3527 hauc
856 3465 1074 3544 quaestionem
1087 3459 1277 3525 solvendam

209 3572 410 3654 praetermitti
433 3591 498 3633 non
523 3581 664 3655 possunt.

317 3695 395 3756 Eun.
430 3705 507 3778 trag.
536 3717 563 3755 v.
588 3697 618 3758 8.
654 3692 716 3771 (ed.
741 3693 893 3774 Vahlen.)
938 3693 1052 3776 Aeque
1087 3694 1276 3756 inimicitiam

209 3815 305 3885 atque
328 3802 494 3862 amicitiam
519 3804 548 3864 in
572 3802 708 3863 frontem
731 3811 913 3883 promptam
937 3821 1022 3882 gero.

316 3925 359 3987 Pl.
386 3925 502 4005 Amph.
537 3926 613 3988 180:
648 3944 802 3999 „numero
836 3922 912 3985 mihi
947 3925 977 3984 in
1012 3934 1151 3986 mentem
1186 3923 1276 3986 tuit.“

212 4030 317 4094 ldenr:
355 4033 449 4095 Bacb.
473 4028 498 4104 I,
513 4044 594 4110 2,53.
642 4030 716 4092 Ter.
742 4031 835 4091 Haut.
859 4029 935 4105 986.
968 4026 1080 4112 Adelp.
1108 4028 1182 4104 528.
1230 4028 1276 4092 Pl.
