2766 4628
662 243 703 304 19

256 420 341 484 Tum
376 422 436 484 buc
468 422 621 484 ablativus
660 407 902 506 comparationis
934 434 969 486 ut
1003 433 1133 486 vocatur
1165 446 1213 487 re-

150 524 297 591 ferendus
321 522 405 608 esd),
429 547 511 611 quae
535 536 638 590 exstat
667 528 746 604 169.
778 540 881 604 17‚13.
904 529 1012 609 38,13,

254 633 401 717 Denique
424 635 455 696 in
477 636 539 697 hoc
563 635 664 717 capite
688 632 728 696 de
739 633 879 697 ablativo
893 636 1039 699 absoluto
1050 632 1209 713 disseram,

150 759 223 803 cum
238 740 402 803 Bombeus
425 741 455 804 in
480 737 694 804 dissertatione
718 742 766 803 cui
783 742 967 807 inscribitur.
1004 741 1075 820 „De
1088 742 1215 806 ablativi

150 847 283 911 absoluti
315 843 399 931 apud
422 848 654 930 antiquissimos
678 848 900 912 Romanorum
929 849 1098 932 scriptores
1133 850 1212 912 usu“

152 950 351 1039 (Greilswald
391 952 495 1032 1877.)
538 950 771 1017 demonstrasse
803 952 860 1017 sibi
894 957 979 1017 visus
1003 956 1040 1017 sit
1074 956 1105 1017 in
1140 975 1214 1019 con-

150 1062 330 1139 structione,
354 1077 435 1139 quae
460 1069 591 1122 vocatur
614 1060 765 1123 ablativus
788 1060 960 1139 absolutus,
992 1062 1131 1126 ablativo
1154 1065 1214 1145 pri-

151 1168 320 1249 migeniam
354 1184 444 1228 suam
479 1166 642 1228 notionem
674 1166 775 1228 inesse
799 1187 904 1250 neque
937 1179 970 1230 ut
994 1170 1115 1253 putavit
1138 1170 1213 1232 Del-

152 1271 324 1334 brueckius
360 1271 502 1336 localem.
511 1270 532 1351 ²)
578 1269 674 1352 Quod
709 1273 861 1336 Bombius
896 1274 1046 1338 nonnulla
1070 1275 1216 1358 exempla

154 1379 266 1453 omisit,
293 1397 332 1441 ea
355 1398 544 1442 enumerare
569 1398 685 1461 operae
709 1380 844 1462 pretium
868 1384 922 1444 sit:

265 1480 295 1568 1)
320 1484 486 1547 Ablativus
509 1504 582 1547 cum
605 1486 765 1568 participio
787 1487 929 1570 perlecti:

153 1594 241 1673 37,8:
265 1589 434 1655 Vindemia
456 1590 537 1654 lacta
558 1611 635 1654 uasa
657 1591 776 1655 torcula
800 1642 806 1654 .
834 1639 841 1656 .
865 1595 973 1657 iubeto
998 1641 1005 1656 .
1031 1641 1037 1654 .
1062 1594 1166 1657 oblini.

153 1700 241 1776 81,8:
266 1707 378 1780 postea
401 1693 481 1778 dape
505 1697 585 1760 lacta
607 1700 703 1760 serito
727 1698 853 1761 milium.

152 1805 241 1889 frgm.
256 1805 344 1882 26‚4:
370 1800 525 1866 Postridie
547 1805 641 1886 signis
665 1804 794 1867 conlatis
818 1824 923 1887 aequo
946 1805 1050 1869 fronte
1075 1854 1081 1866 .
1107 1854 1114 1870 .
1139 1826 1217 1891 pug-

313 1910 472 1973 pavimus·

155 2018 243 2102 frgm.
266 2030 352 2095 40,1:
384 2013 494 2078 decem
526 2016 704 2078 hominibus
733 2017 828 2079 vitam
857 2016 949 2101 eripis
976 2015 1091 2080 indicta
1114 2038 1218 2084 causa.

155 2124 246 2208 lrgm.
271 2135 359 2199 70,1:
394 2130 427 2183 ut
454 2120 589 2204 populus
612 2141 670 2183 sua
692 2141 791 2204 opera
814 2123 917 2205 potius
941 2169 947 2182 .
972 2169 979 2183 .
1004 2171 1010 2185 .
1036 2170 1042 2183 .
1067 2125 1219 2209 supplica-

314 2238 382 2292 tum
406 2240 466 2309 eat,
489 2249 586 2313 quam
609 2248 645 2290 re
668 2227 750 2290 male
773 2238 862 2310 gesta
890 2239 1061 2293 coronatus
1094 2243 1217 2297 ueneat.

267 2331 298 2418 2)
324 2333 491 2399 Ablativus
516 2355 587 2398 cum
611 2335 773 2418 participio
795 2337 982 2418 praesentis:

62 2444 65 2449 ’
163 2454 272 2519 17,13;
297 2438 414 2524 nequid
438 2443 550 2504 emisse
574 2439 651 2502 velit
673 2442 823 2504 insciente
846 2438 986 2506 domine.

159 2561 245 2626 39,2.
270 2547 399 2610 evehito
423 2547 496 2610 luna
519 2547 619 2609 silenti
643 2546 678 2608 cf.
703 2559 811 2622 51,2t.
837 2549 947 2624 46,11.

158 2653 272 2733 39,16:
296 2653 371 2717 luna
393 2651 597 2716 decrescente
621 2652 761 2715 eximito

159 2760 267 2841 80,13:
292 2761 360 2844 piro
384 2760 518 2822 florente
542 2756 656 2839 dapem
680 2778 740 2841 pro
764 2758 866 2821 bubus
890 2758 992 2823 facito.

158 2871 247 2951 lrgm.
271 2867 359 2945 41‚6:
384 2868 542 2949 insignitas
571 2867 698 2928 iniurias
724 2913 731 2929 .
757 2913 763 2927 .
790 2914 797 2928 .
825 2867 1069 2948 inspectantibus
1092 2867 1222 2951 popula·

319 2974 403 3035 ribus
427 2974 490 3035 suis
514 3019 520 3032 .
546 3021 552 3034 .
577 2981 608 3034 te
631 2973 735 3036 lacere
760 2989 871 3034 ausum
896 2992 975 3034 esse.

266 3166 287 3232 ¹)
307 3166 338 3216 cf.
358 3167 508 3216 Delbrueck
536 3166 551 3215 l.
575 3166 592 3215 l.
611 3180 635 3228 p¹
660 3174 698 3221 19.

265 3253 287 3321 2)
309 3258 383 3307 Vana
404 3271 459 3306 esse
479 3271 559 3320 opera
580 3253 643 3303 mihi
662 3253 764 3317 quidem
783 3253 892 3307 videtur.
913 3254 1047 3316 exquirere
1060 3257 1133 3311 velle,
1156 3271 1223 3321 quae

160 3346 201 3396 vis
229 3345 346 3410 primitus
374 3346 488 3394 ablativo
517 3345 541 3393 in
561 3343 663 3392 ablativi
684 3342 795 3390 absoluti
820 3341 1013 3391 constructione
1032 3343 1144 3402 insuerit,
1166 3361 1223 3395 eum

162 3448 219 3484 eam
244 3432 273 3483 in
301 3434 380 3484 latina
409 3433 514 3498 quidem
542 3433 628 3495 lingua
648 3437 702 3480 turn
721 3431 822 3479 demum
848 3430 1075 3493 deprehendamus,
1096 3448 1154 3482 cum
1172 3441 1224 3484 tres

162 3523 200 3572 illi
232 3539 306 3573 casus
336 3524 384 3572 iam
417 3522 459 3571 diu
489 3523 514 3571 in
545 3536 623 3569 unum
643 3519 742 3569 confusi
770 3517 851 3569 erant.
889 3519 951 3568 Inde
970 3518 1047 3583 igitur
1065 3524 1134 3585 quod
1154 3525 1224 3588 apud

162 3611 244 3675 prisos
262 3612 399 3675 scriptores
417 3612 441 3660 in
460 3608 577 3674 plurimis
595 3594 717 3672 exemplis
727 3608 854 3657 ablativus
865 3608 998 3670 genuinam
1011 3624 1084 3659 suam
1093 3610 1225 3661 notionem

162 3700 248 3756 habet,
278 3699 345 3750 effici
363 3715 414 3749 non
434 3705 526 3762 potest,
557 3704 586 3748 ut
617 3696 701 3747 effecit
719 3697 857 3752 BombeuS,
883 3695 999 3759 primitus
1019 3713 1074 3746 eam
1093 3701 1224 3750 notionem

162 3768 281 3837 omnibus
312 3787 417 3838 infuisse
449 3789 567 3837 ablativis
599 3784 733 3843 absolutis,
766 3798 823 3834 cum
856 3791 881 3834 et
912 3785 981 3848 apud
1006 3788 1109 3837 eosdem
1128 3791 1225 3852 priscos

163 3881 284 3926 auctores
309 3878 414 3926 ablativi
440 3878 552 3927 absoluti
572 3874 742 3939 reperiantur,
762 3875 803 3939 qui
822 3873 976 3923 sociativam
996 3875 1048 3924 vim
1068 3879 1180 3927 habeant
1200 3886 1224 3928 et

162 3964 232 4027 apud
251 3980 337 4014 omnes
356 3968 495 4030 scriptores
514 3967 607 4015 latinos
627 3964 689 4014 item
711 3972 737 4012 ot
757 3964 825 4027 apud
850 3963 1039 4027 antiquissimos
1072 3968 1092 4014 ei
1125 3969 1225 4015 creber·

163 4051 227 4102 rime
246 4060 354 4111 exstent¹
388 4056 481 4120 quibus
495 4057 602 4118 genuina
622 4054 728 4103 ablativi
749 4052 821 4102 notio
842 4050 909 4101 insit.
1034 4121 1049 4155 *
