2766 4628
726 262 768 323 48

213 442 296 520 ipsus
319 461 353 501 se
376 439 442 503 volt
466 435 656 521 maxume.¹)
681 439 756 501 Ter.
781 441 861 503 Enn.
886 453 965 517 331:
990 442 1079 503 lllum
1096 441 1191 524 liquet
1204 445 1277 505 milri

214 543 354 608 deierare
388 546 437 607 his
472 547 632 608 mensibus
655 547 719 608 Sex
754 558 875 630 septem
905 567 1050 630 prorsum
1074 568 1139 609 non
1163 546 1277 610 vidisse

213 654 386 737 proxumis
410 650 473 716 Nisi
496 672 580 715 nunc
605 672 676 714 cum
700 655 828 716 minime
852 653 964 715 uellem
984 655 1173 737 minimeque
1198 674 1278 736 opus

213 761 275 822 luit.
308 758 395 821 Publ.
423 760 491 840 Syr.
517 769 593 821 sent.
618 773 668 835 35.
694 759 796 838 (Ribb.
816 759 868 838 ll.)
895 758 1032 822 nudum
1057 782 1127 824 esse
1151 773 1277 844 oportet

213 869 381 946 neminem,
405 867 531 928 minime
556 886 673 927 senem.
724 865 840 947 Atque,
865 869 889 928 si
925 888 989 930 nou
1014 876 1119 929 essent
1142 889 1176 930 re
1200 889 1277 931 vera

213 975 284 1037 talia
309 972 465 1052 exempla,
487 992 563 1033 num
587 972 752 1053 probabile
770 984 862 1046 esset,
888 974 969 1036 illam
987 975 1164 1057 primariam
1190 977 1277 1039 vocis

215 1080 472 1164 significationem
497 1077 589 1161 plane
614 1076 663 1140 illa
685 1088 788 1141 aetate
813 1079 995 1142 evanuisse?

318 1185 381 1248 Pro
394 1187 521 1247 minime
538 1194 650 1266 quater
668 1183 766 1265 (unt.
780 1197 887 1262 57,14.
900 1188 981 1263 583.
1004 1185 1103 1266 Soa.)
1117 1188 1278 1248 minimum

215 1291 387 1355 offenditur.
433 1288 569 1353 Interest
585 1302 691 1352 tamen
707 1291 870 1373 quomodo
894 1290 1101 1355 adhibeantur
1124 1295 1202 1355 haec
1215 1291 1278 1356 duo

214 1401 319 1461 verba.
345 1399 424 1460 Cum
450 1398 534 1459 enim
557 1397 684 1458 minime
707 1417 831 1459 merum
847 1395 1031 1460 adverbium
1048 1401 1095 1472 sit,
1117 1400 1279 1461 minimum

216 1503 356 1589 quodam
381 1501 480 1566 modo
504 1503 672 1565 accusativi
697 1521 830 1564 munere
855 1503 900 1582 (ut
923 1506 1005 1580 nihil,
1021 1525 1140 1587 aequas
1164 1514 1279 1588 partes,

216 1633 312 1674 omne
335 1630 444 1694 genus,
467 1609 599 1671 multum
611 1604 682 1689 cet.)
700 1608 848 1690 fungitur:
875 1620 907 1672 nt
919 1625 1009 1686 41,1:
1037 1623 1162 1673 veteres
1175 1611 1279 1693 (vites)

215 1739 309 1803 quarn
334 1719 495 1780 minimum
524 1724 670 1778 castrato.
711 1728 800 1792 57,ss
836 1736 933 1799 qnam
957 1719 1119 1780 minimum
1149 1715 1278 1800 (oleam)

217 1827 355 1888 interra
378 1835 409 1887 et
444 1825 474 1885 in
498 1824 639 1886 tabulato
665 1842 735 1882 esse
770 1833 907 1903 oportet.
933 1826 1022 1900 58,2:
1048 1834 1159 1887 caveat
1183 1843 1278 1904 quam

217 1933 376 1994 minimum
410 1916 438 1992 in
474 1895 673 1991 lorcularium
710 1940 741 1992 et
777 1932 806 1992 in
842 1930 950 1992 cellam
975 1933 1156 1992 introeatur.
1189 1929 1277 2008 89,ss

218 2037 342 2101 Vicinos
366 2037 503 2119 aliasque
528 2037 671 2097 mulieres
695 2056 790 2119 quam
815 2038 977 2099 minimum
1001 2045 1115 2098 utatur.

324 2144 470 2207 Partim.

330 2250 433 2325 1724:
458 2247 601 2310 bubulcis
625 2250 794 2330 opseqnito
818 2249 929 2331 partim
955 2258 987 2310 nt
1012 2248 1156 2311 libentius
1180 2250 1281 2310 boves

215 2365 334 2418 curent.
364 2368 445 2431 19,7:
471 2357 586 2417 circum
612 2356 678 2416 vias
701 2354 806 2416 ulmos
830 2356 925 2416 serito
950 2363 981 2416 et
1005 2356 1117 2435 partim
1133 2354 1277 2437 populos.

218 2463 255 2524 cf.
272 2462 314 2524 Pl.
331 2461 416 2524 Pers.
434 2461 486 2536 ΙΙΙ,
511 2474 599 2540 3,30;
630 2459 724 2541 Quod
749 2462 860 2543 partim
885 2462 998 2523 lacinnt
1022 2463 1194 2544 argentarii.
1246 2460 1282 2523 ln

218 2568 398 2650 fragmentis
414 2571 526 2649 partim
551 2588 621 2630 curn
648 2569 794 2650 genetivo
819 2569 1031 2651 coniungitur:
1058 2580 1141 2644 23,7.
1166 2566 1249 2642 648.

322 2675 527 2738 Paulatim.

324 2782 404 2844 Cum
427 2783 499 2843 huie
515 2779 666 2844 adverbio
682 2780 800 2860 ubique
813 2780 882 2841 insit
899 2780 1082 2862 significatio
1095 2779 1279 2854 allmtthliclr,

216 2890 296 2950 nach
320 2887 384 2949 und
408 2888 499 2962 nach,
535 2906 599 2948 uno
634 2886 705 2948 loco
730 2905 801 2948 curn
831 2888 980 2967 genetiuo
1011 2887 1211 2948 coniunctum
1235 2887 1278 2945 vi-

217 2992 308 3056 detur
332 3015 411 3072 esse,
435 2996 477 3056 ita
501 3003 535 3056 ut
559 2994 665 3056 valere
689 2992 802 3058 debeat
827 2995 877 3055 ein
893 2993 1012 3074 wenig:
1037 2991 1151 3067 60‚17:
1176 3012 1280 3074 aquae

217 3100 366 3184 paulatim
400 3098 517 3164 addito.
578 3099 639 3164 Sed
674 3122 735 3184 ego
774 3101 879 3183 potins
911 3118 1081 3161 mensurae
1118 3095 1278 3162 cuiusdam

218 3217 325 3270 notam
350 3217 421 3291 post
445 3227 547 3290 aquae
571 3210 719 3271 omissam
743 3228 813 3270 esse
842 3206 984 3268 arbitror.

216 3405 426 3413 *—

324 3542 345 3608 1)
364 3544 481 3593 Handius
501 3543 601 3606 quidem
622 3541 684 3591 dicit
704 3543 721 3590 l.
742 3541 807 3590 llll
828 3560 852 3606 p.
864 3542 928 3601 609:
948 3542 1032 3607 „falsa
1045 3546 1081 3589 est
1092 3539 1283 3603 interpretatio:

218 3647 260 3681 uro
281 3634 319 3681 ich
340 3649 381 3681 am
401 3631 543 3695 wenigsten
563 3646 638 3693 gerne
658 3632 706 3687 bin,
728 3647 754 3680 er
772 3647 811 3679 mn
833 3633 940 3681 liebsten
961 3631 1001 3684 ist,
1022 3631 1091 3679 Dicit
1103 3628 1171 3678 enim
1183 3630 1280 3693 Hegio:

217 3722 250 3770 ibi
269 3728 306 3770 est
327 3723 494 3780 Philocrates,
515 3719 560 3769 ubi
580 3734 637 3767 eum
657 3735 710 3768 esse
730 3721 834 3769 omnino
854 3735 904 3769 non
924 3721 1014 3768 volo.‘¹
1051 3717 1101 3767 Sed
1122 3719 1185 3767 haec
1204 3717 1281 3766 inter·

217 3811 327 3873 pretatio
356 3826 406 3859 non
436 3811 517 3858 minus
546 3810 609 3857 salsa
639 3815 685 3858 est.
724 3810 791 3858 Dicit
811 3810 896 3873 potius
915 3809 1029 3871 Hegico:
1058 3808 1093 3855 ibi
1114 3815 1151 3856 est
1171 3807 1212 3855 ubi
1234 3821 1281 3869 ego

218 3901 331 3948 omniurn
360 3900 478 3947 locorum
507 3899 608 3947 minime
637 3914 695 3948 eum
721 3914 776 3947 esse
805 3901 874 3962 volo,
903 3899 946 3946 ille
972 3912 1092 3946 maxume
1111 3897 1174 3945 volt.
1213 3894 1278 3944 Cum

218 3988 282 4036 enim
303 3988 359 4036 voci
379 3988 489 4035 maxime
502 3987 554 4036 siue
566 3988 645 4036 dnbio
656 3987 806 4052 superlativi
827 3988 865 4036 vis
876 3987 941 4044 insit,
963 4002 1017 4034 enm
1039 3987 1114 4035 etiarn
1127 3984 1280 4033 vocabulum

218 4076 320 4124 minime
340 4076 440 4132 babere,
464 4081 580 4139 apparet.
