2766 4628
640 267 681 328 29

126 457 213 522 973).
244 456 329 523 102‚1
361 441 459 527 (bis).
505 445 668 507 notionem
698 445 778 507 tiber
805 436 990 518 uisv:'28‚o:
1021 441 1060 504 de
1087 463 1126 505 ea
1157 464 1192 505 re

128 551 226 613 verba
248 552 292 613 uti
315 550 398 612 fiant.
418 563 503 627 ono.
528 563 636 628 orna.
660 564 768 629 oum.
797 563 897 630 root.

235 657 298 719 Ex.

236 763 324 825 Haec
348 763 417 825 sola
439 763 542 826 forma
565 764 597 825 in
621 762 700 824 libro
725 760 764 824 de
781 784 803 825 r.
820 784 843 825 r.
860 763 996 825 occurrit
1013 763 1087 824 item
1104 771 1138 823 ut
1161 763 1192 824 in

129 871 231 952 primo
256 869 417 931 volumine
441 871 582 952 corporis
605 889 692 931 mser.
716 869 776 945 lat,
800 889 904 952 neque
920 889 1059 952 unquam
1076 889 1094 930 e
1110 888 1193 951 quae

129 979 160 1039 in
184 976 364 1058 fragmentis
386 984 499 1057 quater
514 986 589 1038 ante
610 976 765 1038 vocabula
782 997 801 1039 a
817 977 1002 1040 consonanti
1018 976 1193 1058 incipientia

130 1093 187 1145 est.

238 1187 481 1271 Praepositiouis
504 1208 579 1250 usus
602 1190 632 1250 in
656 1189 735 1250 libro
760 1187 799 1251 de
823 1210 846 1251 r.
866 1210 890 1252 r.
910 1190 958 1252 hic
982 1197 1044 1250 est:

244 1294 269 1367 1)
294 1293 422 1356 Exitum
446 1314 487 1355 ex
510 1295 615 1377 aliquo
638 1293 711 1356 loco
734 1307 788 1357 ant
812 1316 852 1356 ex
875 1295 977 1378 aliqua
998 1315 1031 1356 re
1048 1294 1195 1377 exprimit

131 1410 167 1462 ut
189 1400 299 1482 vulso:
337 1413 418 1476 ΞΜ-
455 1415 560 1479 inu·
596 1401 682 1478 tao
717 1398 804 1475 sot.
839 1399 1193 1480 51217·57‚13·66‚8·

132 1519 240 1584 71213·
266 1517 374 1582 rso·
400 1517 481 1585 7724-
505 1508 612 1583 8s12.
637 1504 723 1583 85‚1·
748 1520 855 1586 oon·

239 1611 310 1674 Huc
334 1613 489 1695 pertinent
512 1610 663 1676 dictiones
686 1634 768 1698 quae
791 1611 1013 1676 adverbiorum
1032 1615 1115 1676 vices
1139 1614 1196 1676 ob·

132 1722 244 1781 tinent:
274 1738 315 1780 ex
346 1718 442 1781 altera
471 1731 560 1801 parte
583 1721 666 1798 48‚4.
695 1740 736 1781 ex
760 1721 820 1781 ima
844 1729 934 1802 parte
957 1733 1042 1797 53,1.
1067 1740 1131 1802 qua
1154 1740 1195 1782 ex

132 1835 221 1909 parte
250 1826 358 1901 85‚t4.
387 1836 484 1908 quota
512 1846 553 1887 ex
588 1838 677 1906 parte
705 1827 790 1901 87,8.
824 1826 1019 1906 Quibuscum
1052 1826 1195 1889 conferas

134 1931 169 1993 C.
194 1931 217 1993 l.
236 1931 273 1992 L.
297 1931 460 2008 l,198,51:
485 1933 515 1994 in
540 1951 604 2015 qua
627 1931 773 1994 sorticula
796 1953 836 1993 ex
859 1932 956 1994 altera
980 1934 1058 2016 parti
1084 1931 1114 1994 A
1138 1934 1196 1996 siet

133 2058 178 2099 ex
198 2037 296 2100 altera
319 2039 399 2119 parti
424 2038 459 2100 C.

242 2143 312 2206 Huc
335 2146 428 2206 etiam
453 2141 617 2206 referenda
640 2154 712 2206 sunt
735 2143 861 2225 linguae
884 2141 1077 2207 medicorum
1100 2158 1134 2208 ut
1156 2147 1197 2207 ita

134 2247 236 2312 dicam
259 2252 386 2334 propria
408 2252 501 2313 haec:
525 2262 599 2313 ante
622 2271 733 2314 cenam
757 2261 826 2313 esto
850 2249 979 2313 crudam
1004 2248 1197 2334 (brassicam)

135 2363 289 2438 quantum
312 2357 400 2418 voles
424 2377 466 2418 ex
482 2367 573 2420 aceto
597 2357 683 2434 98,2.
707 2359 732 2420 si
755 2355 831 2420 edes
847 2359 1016 2420 brassicam
1040 2379 1080 2420 ex
1104 2368 1198 2422 aceto

137 2475 266 2536 102‚12.
293 2483 333 2525 ex
356 2483 438 2546 aqua
461 2460 537 2526 dato
561 2462 738 2544 (turundas)
762 2463 867 2543 otum.
892 2463 1195 2542 cl.Pl.Merc.139:

81 2614 84 2619 -
134 2569 286 2632 Resinam
309 2589 351 2631 ex
374 2569 467 2631 melle
491 2570 682 2653 Aegyptiam
706 2579 828 2632 vorato.

244 2671 276 2758 2)
301 2675 351 2738 Ex
374 2675 602 2758 temporalibus
625 2677 807 2739 notionibus
823 2680 961 2740 iunctum
979 2698 1047 2740 rem
1061 2678 1198 2759 aliquam

135 2801 155 2844 a
178 2792 265 2845 certo
290 2780 429 2864 quodam
451 2783 604 2864 temporis
627 2795 792 2846 momento
815 2786 934 2847 initium
959 2804 1074 2868 capere
1097 2785 1198 2864 expri-

136 2890 201 2962 mit,
225 2898 273 2950 ut:
299 2903 387 2967 49,7:
413 2910 454 2951 ex
478 2910 519 2951 eo
543 2888 593 2951 die
609 2887 655 2951 dis
671 2890 764 2954 XLV
783 2902 868 2954 recte
884 2892 1016 2976 putabis.
1041 2891 1198 2969 cl.92,15.

136 3006 245 3071 93,21.
270 2995 359 3076 lrgm.
383 2996 476 3072 63,4:
503 2995 634 3058 venefici
649 2995 799 3077 postridie
815 2999 926 3061 iussisti
942 2996 1053 3060 adesse
1069 2999 1099 3058 in
1115 2994 1198 3058 diem

136 3121 178 3162 ex
202 3099 262 3163 die.
290 3101 323 3163 C.
350 3101 372 3163 Ι.
395 3100 433 3163 L.
459 3101 620 3180 I,198,2t:
646 3102 695 3166 die
720 3106 901 3168 vicensumo
926 3125 966 3166 ex
990 3101 1102 3165 eodie.
1127 3100 1198 3164 ibid.

138 3228 167 3268 v.
191 3206 251 3270 66:
288 3205 353 3270 dies
388 3227 579 3291 proxsunios
615 3231 655 3272 ex
679 3232 718 3273 ea
741 3209 800 3273 die.
848 3211 890 3273 Pl.
914 3211 1012 3272 Poen.
1036 3221 1115 3286 499:
1149 3225 1200 3269 res

138 3314 236 3375 serias
271 3313 382 3376 Omnis
417 3314 538 3377 extollo
574 3335 615 3376 ex
639 3318 699 3378 hoc
725 3314 774 3377 die
798 3318 828 3378 in
851 3317 943 3378 aliani
968 3313 1059 3376 diem.
1105 3314 1201 3378 Merc.

143 3432 241 3497 1024:
275 3421 364 3483 llaec
399 3419 481 3483 adeo
515 3418 608 3499 addo,
643 3431 676 3482 ut
709 3443 750 3483 ex
785 3425 842 3484 hac
875 3434 968 3485 nocte
991 3423 1126 3505 primurn
1150 3421 1201 3483 lex

138 3537 245 3590 teneat
268 3547 370 3589 senes,

244 3627 279 3716 3)
304 3632 385 3696 Cum
409 3634 590 3696 transfertur
613 3632 653 3695 ad
677 3654 783 3696 rerum
808 3656 966 3697 conexum
982 3638 1203 3717 rationemque

140 3741 294 3822 originem
318 3752 350 3804 et
373 3760 499 3802 causam
517 3737 636 3801 iudicat.
663 3739 706 3822 (in
724 3741 749 3803 F
752 3742 823 3824 olge
841 3741 934 3825 von):
964 3756 1072 3820 15‚14:
1099 3740 1203 3803 damni

139 3845 214 3907 nihil
237 3848 295 3909 erit
318 3868 359 3909 ex
382 3857 579 3930 tempestate.
633 3846 719 3924 18,4;
753 3846 782 3909 id
816 3871 857 3911 ex
885 3851 967 3912 farne
991 3859 1023 3910 et
1047 3850 1069 3909 si
1094 3847 1203 3930 inpluit

138 3951 206 4014 fleri
229 3954 319 4017 solet.
371 3954 479 4029 102,o:
505 3973 577 4014 num
604 3974 705 4015 venae
730 3955 783 4016 ubi
800 3954 942 4018 sufflatae
959 3966 1033 4016 sunt
1049 3953 1201 4014 exmulto

141 4060 222 4122 cibo,
273 4073 383 4136 102,7:
415 4061 466 4122 ubi
497 4081 537 4122 ex
566 4059 664 4121 multo
689 4061 759 4121 cibo
783 4062 871 4122 alvus
895 4082 958 4123 uon
982 4064 1011 4122 it.
1051 4064 1088 4121 cl.
1111 4060 1201 4142 frgm.
