2766 4628
661 321 706 383 67*

369 501 403 580 b)
430 502 488 564 De
513 502 737 564 enuntiatis
761 500 1003 564 causalibus.
1069 518 1071 522 ·
1107 482 1110 488 ’

265 608 381 671 lterum
407 628 580 690 cognoscas
605 628 700 690 quam
725 607 856 686 simplex
872 608 1096 670 sententiarum
1120 618 1218 671 struc-

156 723 227 777 tura
248 716 278 776 in
302 715 380 777 libro
405 713 490 777 der.
517 736 541 777 r.
566 716 612 788 sit,
637 710 723 796 quod
746 723 810 776 tam
835 733 905 775 raro
923 704 1125 776 inueniuntur
1142 735 1217 778 con·
1297 708 1298 712 ¹

104 904 107 910 .
156 823 318 885 iunctionis
348 821 488 885 causales
512 823 542 883 in
566 842 622 882 eo:
648 822 720 902 quia
743 820 840 881 semel
859 815 1003 901 (19,13.)‚
1025 811 1111 903 quoii
1129 823 1219 904 quin-

157 930 245 1010 quies
269 930 350 1007 (43‚t
378 927 459 1009 (bis.)
495 928 579 1005 81,3.
613 926 696 1004 889.
731 925 844 1004 97‚12l
879 928 1030 1008 quoniam
1059 937 1091 989 et
1120 947 1217 1010 quom

157 1036 272 1096 causali
294 1033 519 1117 significatione
543 1052 717 1115 numquam
742 1041 917 1094 occurrunt.

263 1138 359 1220 Quod
388 1142 639 1203 coniunctionem
664 1137 746 1219 apud
771 1138 916 1200 Plautum
944 1139 1139 1218 pronominis
1162 1157 1218 1218 po-

151 1248 216 1333 tius
239 1267 370 1308 munere
392 1267 487 1330 quam
513 1247 737 1310 coniunctionis
753 1244 838 1325 fungi
857 1242 961 1306 docuit
985 1244 1219 1318 Zimmermaun

158 1353 325 1423 Gebrauclr
356 1351 417 1421 ,der
451 1353 541 1433 Conj.
574 1351 659 1436 quod
683 1349 747 1413 und
783 1351 856 1433 quia
889 1351 930 1412 im
954 1349 1073 1413 {ilteren
1096 1351 1217 1414 Latein.

158 1458 264 1520 Posen
294 1461 385 1523 1880.
432 1459 473 1522 Et
496 1480 616 1525 meram
640 1479 742 1540 paene
763 1461 929 1522 accusativi
949 1459 1113 1522 notionem
1133 1455 1219 1541 quod

158 1563 241 1648 apud
267 1567 422 1633 Catonem
456 1568 486 1628 in
520 1568 567 1628 nis
591 1559 744 1646 exemplis
768 1566 874 1628 habet:
909 1579 997 1644 quz
1031 1566 1110 1626 cicer
1134 1562 1219 1646 quod

160 1671 280 1734 vellitur
304 1682 336 1734 et
359 1669 444 1755 quod
469 1672 584 1734 salsum
609 1682 666 1745 est,
692 1694 731 1735 eo
755 1667 941 1735 malum'est.
966 1672 1054 1746 81,1:
1079 1672 1221 1754 luppiter

159 1776 283 1858 dapalis
317 1776 402 1862 quod
435 1779 488 1840 tibi
512 1778 578 1840 fieri
602 1786 728 1858 oportet
751 1779 781 1839 in
806 1775 903 1840 domo
936 1777 1048 1840 familia
1071 1798 1144 1840 mea
1167 1797 1219 1840 cu-

159 1885 273 1966 lignam
300 1886 369 1957 vini,
396 1887 462 1948 eius
478 1887 522 1948 rei
540 1903 617 1965 ergo
635 1893 737 1945 macte
754 1883 811 1945 hac
828 1884 915 1946 illace
934 1881 1017 1966 dape
1033 1879 1221 1966 pollucenda

159 1999 235 2052 esto.
259 1990 352 2068 889:
389 1989 568 2075 Marspater
592 1988 678 2072 quod
697 1993 752 2054 tibi
790 1989 858 2052 illuc
882 2010 982 2073 porco
1006 2011 1110 2073 neque
1133 1990 1220 2052 satis-

158 2096 273 2187 lactum
307 2107 364 2172 est,
400 2109 432 2160 te
468 2100 528 2161 hoc
564 2118 663 2182 porco
698 2097 831 2180 piaculo.
877 2110 985 2173 97,12.
1011 2097 1062 2159 De
1086 2098 1222 2159 brassica

162 2202 247 2287 quod
283 2207 460 2289 concoquit.
508 2202 752 2267 Animadvertas
776 2223 906 2285 quaeso,
941 2205 987 2265 bis
1016 2201 1220 2287 (43.1.81,1)

161 2311 443 2375 demonstrativum
478 2331 677 2395 pronomem,
714 2309 754 2372 ad
778 2307 864 2392 quod
889 2308 1020 2373 refertur
1047 2308 1143 2394 quod,
1167 2307 1220 2372 ad·

161 2422 275 2506 lectum
299 2443 379 2499 esse,
413 2422 455 2482 ita
477 2430 511 2480 ut
535 2418 715 2501 exemplum
740 2415 826 2500 quod
852 2430 898 2481 est
922 2432 995 2496 441
1033 2414 1219 2480 vertendum

161 2529 213 2590 sit:
238 2528 298 2589 Die
322 2529 422 2590 Erbse
447 2529 484 2587 ist
508 2522 647 2587 dadurclr
671 2523 836 2599 schadliclr,
865 2527 894 2586 in
919 2525 978 2586 wie
1002 2526 1068 2585 lern
1093 2525 1137 2584 sie
1160 2532 1220 2584 etc.

341 2633 367 2711 cl
391 2630 445 2694 De
469 2632 681 2693 enuntiatis
705 2628 1046 2693 condicionalibus.

166 2820 171 2829 ι
268 2739 453 2822 Priusquam
490 2736 529 2798 de
561 2738 756 2818 temporibus
794 2733 971 2820 modisque·
993 2755 1100 2826 agam,
1132 2734 1221 2796 liceat

161 2847 244 2920 milri,
257 2833 478 2933 particularum
493 2843 585 2928 „nisit
599 2853 630 2904 et
641 2845 685 2917 „si
699 2845 783 2905 uon‘·'
792 2841 1033 2905 differentiauou
1046 2841 1223 2924 explanata,

163 2954 311 3034 quoniam
337 2949 375 3014 de
400 2973 439 3015 ea
462 2952 534 3012 satis
570 2959 702 3024 constat,
736 2947 775 3011 de
799 2950 931 3030 elliptico
956 2950 1007 3032 qui
1031 2947 1140 3010 dicitur
1163 2968 1221 3010 usu

162 3039 384 3120 coniunctionis
409 3059 464 3119 nisi
489 3054 651 3118 disserere.
698 3055 786 3119 Prius
811 3056 957 3136 exempla
980 3054 1094 3117 allero:

168 3248 171 3253 Ι
267 3141 360 3241 45,ἑ;
396 3184 466 3226 cum
502 3165 607 3244 ignem
631 3159 814 3238 subdideris
846 3164 935 3242 siqua
970 3161 1098 3225 llamma
1126 3164 1223 3224 exibit

161 3272 216 3333 nisi
239 3291 297 3352 per
307 3273 424 3332 orbem
441 3289 600 3332 summum
616 3268 835 3345 lutoobliuito.
860 3282 969 3345 51,14:
995 3269 1098 3332 Nuces
1114 3271 1222 3350 pineas

160 3375 201 3439 ad
223 3375 357 3439 eundem
380 3375 510 3462 modum
531 3377 586 3437 nisi
610 3385 771 3456 tamquam
796 3375 890 3436 alium
915 3377 1021 3438 serito
1067 3376 1156 3452 62,8:
1182 3377 1223 3438 ita

161 3485 205 3545 uti
228 3486 371 3564 placenta
394 3483 436 3561 fit,
458 3481 570 3545 eadem
594 3483 699 3543 omnia
724 3482 826 3559 facito,
849 3483 904 3542 nisi
928 3482 989 3544 alio
1003 3480 1101 3563 modo
1114 3482 1222 3565 fingito

161 3588 274 3665 62‚19:
320 3599 467 3671 encytum
500 3586 539 3650 ail
576 3584 712 3649 eundem
747 3584 877 3649 modurn
913 3589 1004 3650 lacito
1037 3591 1081 3650 uti
1110 3589 1223 3671 globos

162 3697 217 3757 nisi
242 3695 368 3758 calicem
391 3704 553 3774 pertusum
578 3713 692 3756 cavum
716 3695 839 3756 lrabeat.
864 3694 954 3771 639:
981 3696 1156 3776 Spaeritam
1181 3698 1223 3757 sic

163 3803 254 3864 tacito
278 3804 319 3863 ita
347 3803 389 3863 uti
420 3803 532 3882 spiram
556 3801 612 3862 nisi
636 3802 678 3862 sic
702 3800 821 3882 fingito.

191 3885 193 3891 Α
268 3907 400 3970 Nisibis
434 3907 509 3969 locis
533 3907 625 3989 plane
649 3888 679 3968 in
704 3908 805 3969 vicem
838 3903 979 3978 adverbii
1004 3909 1104 3984 cessit,
1127 3907 1165 3970 ita
1191 3916 1224 3968 ut

160 4015 416 4096 significationem
442 4016 557 4076 lrabeat
581 4017 758 4096 ,‚excepto“
776 4021 807 4075 et
831 4024 885 4076 aut
897 4013 1044 4092 „ausser“
1058 4021 1112 4075 aut
1125 4015 1222 4092 „uur“

161 4121 350 4185 vertendum
374 4123 418 4183 sit.
455 4122 517 4201 Qui
540 4140 615 4183 usus
638 4140 703 4182 non
727 4129 774 4183 est
798 4120 938 4182 insolitus
966 4117 1051 4203 apud
1076 4117 1223 4180 Plautum

1012 4234 1045 4290 5*
