2766 4628
687 271 708 336 9

168 455 318 539 quinque,
333 452 500 515 bubulcos
513 451 567 528 Ill,
586 453 763 516 asinarium
776 450 798 531 I,
814 451 987 515 subulcum
1000 449 1025 529 Ι,
1046 453 1231 537 opilionem

167 561 335 624 Isumma
374 560 519 623 homines
546 558 631 623 ΧΙΙΙ.
660 568 720 622 etc.
780 555 862 622 Item
891 559 967 636 246
994 579 1062 642 sqq.
1112 559 1162 623 Ac
1189 580 1231 623 ne

167 667 236 750 quis
259 663 366 729 credat
389 666 586 730 accusativos
610 666 652 729 ita
667 661 871 749 explicandos
894 685 975 740 esse,
1000 672 1034 727 ut
1056 661 1232 748 supplenda

165 773 241 839 sint:
272 781 398 854 oportet
425 773 558 848 habere,
590 784 625 835 ut
659 781 749 856 putat
777 770 929 846 Holtzius,
963 771 1041 834 haec
1077 771 1230 835 conferat:

167 878 255 957 26,5:
284 878 320 942 ln
347 879 550 943 torcularium
578 899 661 963 quae
689 899 770 963 opus
797 887 879 942 sunt.
908 878 991 942 vasis
1022 878 1123 962 quinis
1145 877 1232 959 prela

166 994 345 1069 temperata
364 985 403 1062 V,
426 1005 663 1069 supervacanea
685 985 738 1060 ΙΙΙ,
763 984 886 1048 suculas
911 985 941 1048 V
965 993 1025 1048 etc.
1071 980 1159 1048 Idem
1183 994 1231 1049 est

166 1091 261 1166 26‚11
296 1111 363 1175 sqq.
397 1103 471 1169 27,5
499 1111 567 1175 sqq.
622 1091 694 1155 Huc
730 1093 865 1175 pertinet
904 1110 1035 1175 quoque
1062 1088 1150 1175 quod
1182 1101 1230 1155 est

164 1198 255 1275 839:
279 1197 406 1262 Romae
435 1199 577 1274 tunicas,
601 1207 693 1282 togas
715 1217 822 1281 sagas,
846 1206 1008 1274 centones,
1031 1196 1228 1278 sculponeas‚

164 1301 292 1368 Calibus
315 1313 348 1366 et
371 1304 533 1369 Minturnis
556 1304 735 1368 cuculiones
759 1313 817 1368 etc.
863 1304 942 1368 Item
967 1305 1019 1368 vix
1048 1303 1106 1368 dici
1121 1307 1230 1390 possit,

164 1408 251 1492 quod
276 1413 411 1475 verbum
441 1409 651 1496 supplendum
674 1413 712 1474 sit
734 1412 782 1474 his
805 1411 893 1474 locis:
919 1423 1030 1488 79‚15:
1055 1411 1229 1475 Habitatio-

163 1537 238 1581 nem
263 1516 416 1582 delutare.
445 1526 576 1582 terram
600 1520 858 1602 quammaxime
882 1528 1046 1583 cretosam
1062 1518 1113 1582 vel
1129 1519 1227 1582 rubri-

163 1643 281 1686 cosam
306 1645 346 1687 eo
363 1644 525 1689 amurcam
540 1621 703 1704 infundito,
725 1623 832 1708 paleas
848 1622 954 1689 indito.
987 1639 1101 1703 34‚11:
1115 1645 1228 1709 cupam

161 1732 217 1814 qui
240 1732 406 1794 concinnet
440 1740 472 1794 et
500 1728 659 1795 modiolos
683 1732 735 1813 qui
759 1724 844 1794 indat
867 1740 899 1794 et
921 1732 1078 1813 plumbet,
1106 1750 1228 1813 operas

162 1835 238 1898 labri
276 1833 441 1900 dumtaxat
478 1837 560 1900 VIII.
626 1849 713 1914 293:
751 1835 1012 1922 sesquipedalem
1043 1839 1226 1920 parietem:

162 1939 309 2006 dominus
331 1940 535 2008 fundamenta
557 1943 647 2007 faciat
670 1953 702 2007 et
725 1941 764 2009 ad
780 1966 859 2030 opus
877 1946 1030 2029 praebeat
1045 1944 1146 2009 calces
1161 1944 1227 2008 inP

161 2049 301 2130 singulos
336 2048 560 2132 longitudinem
595 2048 737 2115 modium
775 2071 887 2131 unum,
925 2054 1062 2115 harenae
1101 2048 1226 2115 modios

160 2149 283 2236 duos.1)
329 2153 463 2220 Facilius
485 2159 547 2222 iam
570 2156 643 2242 quid
667 2159 705 2221 sit
727 2155 1031 2241 subintellegendum
1048 2158 1134 2222 bisce
1150 2158 1227 2222 locis

161 2262 377 2342 cognoscitur:
392 2275 478 2344 21,1:
490 2264 721 2348 piravolaema,
734 2265 910 2328 aniciana..
926 2266 1020 2328 .ite1n
1035 2265 1095 2329 alia
1106 2286 1227 2349 genera

159 2387 257 2450 quam
273 2367 407 2451 plurima
418 2371 513 2434 serito
525 2379 580 2434 aut
590 2372 729 2434 inserit0.
747 2371 843 2434 oleas
858 2373 995 2451 orcites,
1011 2375 1143 2456 posias:
1167 2393 1225 2438 eae

161 2476 280 2556 optime
315 2472 493 2538 conduntur
530 2475 580 2538 vel
614 2475 727 2541 virides
762 2478 812 2541 vel
844 2473 933 2560 elul)
980 2491 1066 2555 435).
1100 2480 1225 2543 Stercus

161 2579 247 2644 unde
281 2582 384 2646 iacias.
433 2591 615 2658 stramenta,
647 2584 807 2667 lupinum,
840 2583 960 2668 paleas,
991 2585 1116 2665 labalia,
1139 2605 1223 2664 acus,

159 2686 304 2752 lrondem
328 2689 473 2772 iligneam
497 2707 680 2772 querneam.
727 2703 840 2770 20,10:
870 2710 948 2775 quas
971 2689 1144 2773 suspendas
1169 2689 1224 2755 du·

159 2796 279 2859 racinas
314 2796 466 2859 aminnias
500 2795 651 2871 maiores,
686 2798 738 2861 vel
770 2794 810 2861 ad
832 2798 955 2861 fabrum
980 2798 1142 2862 ferrarium
1166 2820 1224 2884 pro

158 2902 258 2984 passis
293 2922 351 2963 eae
386 2911 471 2964 recte
505 2913 681 2967 servantur.
730 2916 819 2980 50,5:
844 2906 1053 2968 Seminarium
1076 2903 1116 2969 ad
1140 2908 1223 2970 hunc

158 3004 291 3070 modum
325 3008 429 3071 facito.
474 3007 606 3072 Locum
630 3029 726 3093 quam
755 3012 910 3094 optimum
935 3021 968 3073 et
993 3013 1223 3092 apertissimum

159 3122 191 3176 et
222 3115 523 3178 stercorosissimum
551 3117 669 3199 poteris
707 3131 739 3180 et
771 3137 867 3201 quam
898 3117 1087 3181 simillimum
1123 3138 1223 3201 genus

157 3228 261 3282 terrae
295 3241 363 3300 eae,
398 3221 450 3284 ubi
484 3223 606 3286 semina
634 3224 791 3302 positurus
819 3225 893 3302 eris,
928 3232 961 3285 et
989 3225 1031 3286 uti
1061 3245 1102 3288 ne
1131 3226 1222 3289 nimis

157 3324 256 3410 longe
280 3328 400 3391 semina
430 3339 472 3390 ex
500 3329 668 3392 seminario
693 3329 847 3405 serantur,
878 3349 953 3392 eum
977 3329 1083 3394 locum
1106 3330 1222 3415 bipalio

158 3435 286 3498 vortit0.

265 3537 378 3621 Neque
413 3538 661 3604 obliviscendum
697 3551 752 3617 est,
782 3540 868 3626 quod
893 3564 995 3628 genus
1018 3545 1120 3626 scripti
1144 3544 1222 3608 liber

158 3646 287 3710 Catonis
316 3648 361 3708 sit.
409 3645 443 3709 lu
471 3644 534 3710 alio
563 3647 641 3711 libro
671 3650 724 3711 vix
757 3648 910 3715 eiusmodi
935 3672 985 3714 res
1013 3653 1221 3715 invenientur.

158 3754 262 3834 Quam
287 3755 470 3835 breuissime
492 3757 670 3818 necessaria
681 3757 760 3820 Cato
778 3754 891 3820 afferre
907 3756 1034 3821 studuit.
1071 3758 1222 3822 Conleras

266 3910 286 3980 1)
308 3914 351 3964 Sic
371 3915 436 3965 enim
455 3920 514 3979 post
534 3915 658 3979 parietem
677 3914 882 3980 distinguendum
902 3933 958 3967 esse
977 3923 1048 3981 puto.

262 4000 284 4067 ²)
305 4004 365 4066 Quo
389 4003 444 4053 iure
470 4003 589 4054 Holtzius
609 4005 627 4054 l.
646 4005 663 4055 l.
682 4005 695 4054 1
714 4019 740 4069 p.
760 4014 812 4070 2⁸20
837 4005 879 4056 hic
904 4005 936 4056 de
960 4006 1110 4057 accusativo
1129 4021 1221 4070 graeco

133 4137 136 4140 .
157 4089 240 4140 dicere
260 4092 348 4155 possit,
368 4088 467 4141 nescio.
