2766 4628
638 279 760 352 73Ὶ

208 453 243 536 d)
268 457 321 519 De
345 457 548 519 enuntiatis
570 457 750 521 finalibus
774 469 810 522 et
834 442 1102 525 consecutivis.

233 562 290 625 Ut.

233 668 351 730 Forma
379 670 422 730 uti
453 669 553 733 multo
585 671 778 751 frequentior
806 682 852 735 est
882 674 912 735 in
946 673 1074 737 Catonis
1105 676 1185 738 libro

123 777 220 857 quarn
245 770 316 852 utl)
364 773 443 836 Item
473 777 502 837 in
531 778 633 858 primo
663 778 821 841 uolumine
851 781 993 862 corporis
1021 782 1109 844 inscr.
1133 781 1184 845 lat.

124 882 169 943 uti
192 890 318 943 centum
343 900 471 962 novem,
494 891 528 944 ut
551 882 719 950 duodecim
742 887 818 949 locis
842 896 952 949 exstat.

233 985 432 1071 Supersedeo
460 989 549 1053 locos
577 1003 608 1055 et
636 995 735 1057 verba
763 1015 963 1069 enumerare,
993 995 1106 1077 quibus
1133 1004 1187 1057 aut

125 1102 198 1176 post
232 1115 314 1178 quae
349 1104 384 1157 ut
418 1094 510 1159 finale
541 1101 678 1181 positum
707 1105 754 1164 sit.
807 1103 893 1165 Haec
920 1110 1041 1165 tantum
1070 1099 1184 1164 affero:

126 1201 239 1264 Verbo
263 1202 344 1264 velle
368 1211 401 1265 ut
424 1202 602 1290 adiungitur
624 1208 670 1269 his
694 1207 783 1270 locis:

234 1322 324 1386 57,5:
356 1309 449 1392 leguii
475 1312 583 1374 volunt
614 1315 657 1376 uti
686 1314 757 1378 olea
780 1311 897 1378 caduca
930 1334 1025 1396 quarn
1055 1315 1188 1398 piurima

124 1417 174 1492 sit,
199 1435 263 1500 quo
288 1418 357 1500 plus
381 1417 519 1500 legatur3
545 1420 679 1483 factores
702 1423 746 1483 uti
769 1424 798 1484 in
823 1421 963 1484 tabulato
987 1418 1038 1483 diu
1063 1423 1109 1484 sit.

233 1523 320 1604 699:
347 1526 410 1590 Fici
435 1525 543 1591 aridae
566 1528 591 1590 si
607 1528 695 1590 voles
712 1531 756 1591 uti
773 1530 912 1610 integrae
929 1530 995 1590 sint.
1017 1529 1053 1591 cs.
1073 1529 1186 1592 Bacch.
1291 1539 1295 1547 ’

125 1629 148 1709 Ι,
177 1645 262 1708 1,44:
288 1631 329 1695 Ut
352 1632 401 1695 ille
425 1644 457 1696 te
481 1632 584 1698 videat
607 1631 722 1718 v010.2)

232 1738 375 1803 Verbum
398 1739 526 1804 studere
550 1752 582 1804 ut
607 1744 758 1825 sequitur:

238 1846 322 1922 18‚8:
355 1847 543 1912 stercilinum
573 1869 724 1930 magnum
755 1847 846 1912 stude
874 1858 908 1911 ut
936 1848 1055 1912 habeas
1079 1849 1114 1911 cf.
1138 1847 1186 1912 Pi.

125 1948 225 2014 Poen.
250 1966 329 2031 574:
355 1954 522 2018 Lenonem
546 1958 590 2019 uti
614 1959 774 2039 periurum
798 1955 922 2041 perdas,
947 1954 976 2018 id
1000 1955 1114 2020 studes.

339 2060 385 2123 Ut
413 2083 459 2124 ne
488 2063 534 2124 his
562 2063 638 2126 locis
666 2061 868 2127 offendimus:
905 2076 990 2138 12,1:
1024 2061 1185 2147 praedium

122 2186 223 2249 quom
247 2188 359 2251 parare
383 2171 533 2250 cogitabis
557 2171 599 2233 sic
623 2171 653 2231 in
671 2163 917 2233 arnmohabeto
941 2171 1049 2232 utine
1075 2168 1186 2254 cupide

123 2294 221 2336 ernas.

231 2395 321 2458 345:
346 2383 435 2446 Haec
452 2385 559 2446 onmia
582 2385 648 2446 eius
674 2384 718 2446 rei
742 2403 835 2446 causa
859 2385 945 2465 fiunt,
969 2386 1013 2447 uti
1037 2407 1077 2449 ne
1102 2407 1185 2470 cupa

123 2494 154 2555 in
177 2488 280 2575 lapide
304 2499 490 2555 conteratur.

231 2613 341 2678 40‚15:
367 2598 472 2662 Vitem
496 2598 579 2660 bene
598 2595 748 2660 nodatam
773 2595 909 2681 deligato
933 2607 1017 2661 recte
1041 2598 1186 2662 flexuosa

125 2707 168 2768 uti
193 2727 235 2768 ne
259 2708 306 2768 sit.

231 2825 322 2888 50‚7:
358 2812 482 2896 Locum
515 2832 609 2895 quarn
646 2813 799 2895 optimum
831 2820 864 2872 et
898 2813 1129 2894 apertissimum
1152 2826 1186 2877 et

122 2920 420 2982 stercorosissimum
444 2920 562 3002 poteris
586 2928 616 2980 et
633 2938 728 3001 quarn
752 2917 938 2981 simillimum
958 2939 1059 3002 genus
1083 2930 1184 2983 terrae

125 3017 269 3088 eae'ubi
304 3026 425 3088 semina
458 3025 617 3106 positurus
652 3027 721 3100 cris,
757 3034 789 3087 et
819 3026 863 3086 uti
896 3046 936 3087 ne
968 3027 1058 3088 nimis
1091 3028 1185 3110 longe

123 3133 244 3195 semina
267 3153 308 3192 ex
332 3133 500 3194 seminario
523 3133 672 3207 serantur,
696 3152 770 3193 eum
793 3132 898 3195 locum
922 3133 1036 3218 bipalio
1062 3135 1185 3197 vertito.

233 3239 275 3311 Ut
297 3259 337 3301 ne
361 3239 452 3319 igitur
475 3247 506 3298 et
532 3237 658 3301 finalem
690 3237 791 3317 (347.
826 3237 949 3322 40,15.)
974 3249 1006 3301 et
1034 3259 1184 3302 consecu-

124 3348 223 3409 tivam
247 3343 343 3429 (12,1.
368 3343 459 3424 50‚7)
483 3346 646 3408 notionem
672 3345 791 3406 habere
819 3354 934 3428 potest.
980 3342 1061 3408 Itcnr
1087 3355 1184 3409 utne

124 3453 316 3515 creberrime
340 3453 475 3516 occurrit
498 3448 581 3534 apud
604 3452 749 3516 Plautum
774 3461 806 3514 et
829 3448 1054 3534 Terentiurrr.³)

172 3688 176 3694 .
232 3645 252 3716 1)
272 3648 377 3698 Adnoto
397 3662 536 3710 numquam
554 3647 664 3695 formam
683 3648 712 3699 ut
730 3653 877 3709 usurpatam
897 3662 959 3714 esse,
984 3650 1004 3698 si
1024 3649 1102 3699 habet
1122 3649 1186 3698 haec

66 3769 70 3779 ·
122 3740 270 3788 coniunctio
289 3736 498 3801 significationem
520 3735 579 3799 wie,
600 3751 651 3784 uno
671 3743 780 3800 excepto
800 3735 860 3784 loco
880 3730 989 3804 (lma).

231 3824 252 3894 2)
272 3828 303 3877 cf.
325 3828 418 3876 Holtze
437 3827 454 3875 l.
473 3825 489 3876 Ι,
508 3825 534 3874 11
553 3840 579 3888 p.
603 3823 659 3873 161.
680 3825 795 3888 Draeger
814 3827 830 3876 l.
851 3826 868 3877 l.
887 3828 919 3888 ll,
939 3841 963 3888 p,
985 3835 1044 3886 255.

229 3913 251 3983 ³)
271 3917 302 3966 ci.
323 3918 438 3979 Draeger
457 3916 473 3964 1.
493 3916 511 3966 l.
531 3916 591 3979 Iip.
614 3923 672 3972 291.
709 3915 771 3964 Brix
790 3917 821 3964 ad
841 3915 896 3964 Mil.
910 3916 943 3979 gi.
963 3922 1061 3976 v.149.
1084 3916 1184 3964 Dziatz·

125 4005 160 4054 iro
184 4005 216 4054 ad
241 4003 353 4068 Adelph.
378 4003 438 4055 626.
476 4006 593 4054 Paetzoit
619 4006 696 4055 Beitr.
720 4020 765 4054 zur
789 4005 879 4054 histor.
906 4007 1013 4068 Syntax.
1050 4003 1183 4069 (Waldem

123 4092 188 4157 durg
211 4089 287 4160 1875)
307 4111 331 4158 p.
354 4102 392 4142 11.
412 4094 598 4158 Reisig-Haase
618 4096 635 4144 l.
653 4095 670 4144 t.
689 4093 704 4160 ξ
723 4102 782 4150 322.
