2766 4628
663 270 704 333 14

592 441 639 517 De
663 443 783 517 dativo.

260 554 350 617 Licat.
384 556 457 617 mibi
490 556 625 638 primum
649 536 791 638 vulgaria
814 555 921 630 affere,
945 577 1028 639 quae
1053 557 1137 620 nulla
1160 578 1214 620 ex-

157 657 326 744 plicatione
343 673 458 744 egeant
472 671 506 724 ut
532 682 603 724 esse
626 681 697 724 cum
715 660 836 726 dativo:
867 675 950 739 159:
975 673 1006 726 et
1030 665 1074 726 rei
1098 673 1129 726 et
1153 666 1216 726 vir-

155 769 212 830 tuti
229 778 262 830 et
274 767 393 850 gloriae
410 763 571 847 erir1)‚aut
587 787 659 830 cum
676 766 783 831 dativo
800 789 955 853 personae
978 783 1091 849 103,15
1104 772 1218 852 quibus

157 874 241 937 oculi
255 894 367 958 parum
381 874 453 937 clari
466 869 586 950 sunt2),
603 872 716 939 deinde
729 877 860 958 opsequi
872 876 962 938 alicui
972 878 1024 952 89,
1033 890 1080 950 15.
1100 878 1219 940 bonum

155 1000 226 1053 esse
249 980 339 1050 alicui
368 981 448 1058 rba).
484 980 565 1043 male
589 1002 660 1051 esse
683 982 773 1045 alicui
813 984 916 1060 16,17.
960 986 1106 1047 antistare
1130 983 1220 1045 alicui

155 1098 208 1162 97,
233 1099 265 1162 3.
290 1083 373 1149 dicto
396 1084 577 1156 audientem
601 1109 672 1150 esse
695 1088 783 1151 alicui
807 1090 892 1168 89,2.
930 1090 1105 1152 auscultare
1129 1089 1219 1151 alicui

160 1191 264 1267 17,18.
313 1190 455 1255 Insolens
490 1202 595 1255 antem
620 1204 716 1273 atque
743 1203 854 1258 notatu
878 1193 999 1278 dignior
1026 1215 1101 1256 usus
1125 1192 1219 1257 dativi

155 1295 316 1361 commodi
348 1299 424 1360 iiber
452 1309 484 1360 et
507 1297 599 1362 valde
627 1300 774 1381 frequens
801 1311 856 1364 est.
903 1302 1016 1365 Exstat
1041 1322 1136 1384 saepe
1159 1319 1218 1381 pro

156 1407 390 1488 praepositione
426 1425 498 1468 cum
532 1426 607 1469 casu
629 1416 664 1468 ut
695 1408 854 1482 28,2>hae
888 1410 933 1469 rei
961 1409 1220 1472 materiem...

158 1509 304 1573 dominus
327 1512 492 1595 praebebit
517 1533 588 1596 pro:
613 1515 777 1576 materiem
801 1511 840 1576 ad
863 1516 945 1576 hanc
968 1535 1045 1589 rem,
1074 1534 1156 1598 quae
1181 1510 1220 1575 ad

158 1617 238 1679 banc
262 1638 329 1679 rem
354 1637 436 1701 opus
459 1627 515 1680 est.
557 1617 633 1681 Post
655 1620 886 1683 substantivum
910 1622 988 1682 baec
1009 1622 1219 1701 reperiuntur:

157 1724 236 1785 satui
252 1743 363 1786 semen
383 1735 463 1801 179.
489 1721 640 1805 pabulum
654 1727 767 1788 ovibus
792 1727 895 1800 18,12.
919 1727 1089 1788 aminnium
1105 1727 1222 1789 minus·

159 1829 263 1892 culum
301 1832 374 1892 vino
400 1826 438 1912 (?)
476 1833 559 1906 20,8.
594 1831 744 1914 opercula
773 1830 861 1895 doliis
885 1835 971 1895 seriis
1000 1833 1090 1915 priva
1115 1844 1219 1910 23,13.

159 1946 346 1999 ornamenta
368 1935 474 1997 bubus
499 1947 583 2013 259.
608 1946 794 2001 ornamenta
817 1940 910 2001 asinis
934 1951 1040 2015 25‚10.
1070 1948 1221 2000 centones

158 2043 263 2125 pueris
280 2041 364 2117 26,4.
380 2044 540 2126 praesepis
558 2043 660 2106 bubus
677 2056 783 2122 27‚15.
804 2045 876 2122 28,2
894 2045 965 2108 huic
977 2044 1067 2126 operi
1077 2043 1220 2123 pretium.

161 2150 244 2224 28,7.
280 2149 365 2210 bona
387 2149 520 2212 familiae
551 2162 635 2227 37,7.
672 2159 777 2213 cetera
805 2150 858 2212 lex
882 2152 925 2214 uti
954 2151 1044 2219 villae
1072 2171 1113 2214 ex
1138 2148 1223 2212 calce

159 2258 330 2319 caementis
346 2255 443 2329 28,15
463 2255 508 2333 (cf.
528 2257 616 2332 93,8.
636 2256 692 2333 18.)
709 2256 842 2318 familiae
854 2257 968 2319 cibaria
981 2271 1088 2334 5413.
1115 2259 1221 2318 vinum

158 2360 293 2423 familiae
328 2371 436 2436 5417.
470 2360 714 2440 pulmentarium
749 2362 881 2425 familiae
916 2364 999 2442 55,6.
1035 2364 1223 2426 vestimenta

159 2467 292 2530 familiae
316 2478 421 2546 55,11.
446 2468 547 2530 bubus
571 2469 687 2530 cibaria
711 2479 815 2548 55214.
839 2470 943 2532 bubus
959 2466 1223 2532 medicamentum

158 2588 267 2654 59,11.
303 2571 369 2636 dies
403 2582 534 2656 argento
569 2586 678 2652 92,14.
713 2583 823 2646 ¹cetera
845 2575 899 2641 lex.
926 2595 1008 2659 quae
1032 2575 1123 2639 oleae
1147 2597 1223 2659 pen-

162 2680 245 2744 denti
269 2680 353 2760 93,8.
384 2679 432 2743 18.
458 2681 637 2763 intertrigini
670 2678 844 2743 remedium
873 2677 1002 2762 106,3.3)
1047 2679 1130 2745 Item
1153 2691 1226 2765 post

159 2785 389 2850 sudstantivum
428 2806 501 2848 cum
535 2783 688 2850 adiectivo
721 2789 938 2850 coniunctum:
975 2802 1085 2867 37,r3.
1121 2790 1149 2850 ei
1181 2791 1224 2851 rei

162 2895 316 2976 optimum
341 2901 473 2975 tempus.
526 2892 709 2974 19,16.1qui
734 2892 822 2955 locus
850 2894 923 2955 vino
949 2895 1084 2974 optimus
1108 2890 1226 2956 dicetur

160 3020 242 3062 esse.
278 3006 334 3062 aut
368 3006 440 3081 post
464 2993 648 3061 adiectivum
686 2998 808 3061 solum:
843 2999 958 3075 38,13:
995 2996 1024 3061 id
1049 3001 1107 3062 erit
1130 3001 1158 3062 ei
1181 3001 1225 3063 rei

163 3108 318 3190 primum,
341 3112 415 3185 post
438 3105 571 3167 verbum
586 3096 666 3166 'cum
683 3100 879 3169 substantivo
892 3107 1111 3169 coniunctum:
1141 3120 1224 3186 19‚7:

166 3210 312 3276 frondem
344 3210 456 3273 ovibus
491 3219 524 3271 et
558 3211 703 3273 iumentis
738 3213 856 3275 habere
879 3211 992 3288 30,18:
1017 3214 1058 3275 ibi
1081 3214 1226 3277 foramen

147 3317 310 3404 pedicinis
345 3316 469 3381 duobus
493 3317 596 3380 facito.
632 3329 720 3396 329:
744 3338 827 3382 unae
855 3319 970 3381 fibulae
995 3319 1099 3381 locum
1124 3319 1225 3381 facito.

165 3437 277 3502 4419:
301 3433 367 3486 tum
392 3424 508 3486 fornaci
531 3422 636 3486 locum
661 3423 761 3486 facito
787 3437 878 3500 37,1:
912 3425 1004 3487 facito
1028 3426 1072 3485 uti
1089 3420 1224 3504 (vinum)

162 3540 305 3594 servetur
339 3529 472 3592 familiae
495 3531 631 3612 primum
655 3531 782 3612 suisque
811 3542 904 3606 37,4:
941 3530 1079 3593 cribrum
1113 3530 1153 3592 illi
1182 3532 1226 3593 rei

271 3722 292 3786 1)
312 3724 344 3775 cf.
363 3723 461 3787 pignori
484 3739 539 3772 esse
559 3730 646 3780 barb.
671 3729 741 3782 933.
760 3731 830 3786 949.
855 3733 896 3773 20.
916 3730 939 3772 et
958 3724 1031 3788 frgm,
1052 3733 1111 3792 22‚2
1140 3731 1226 3783 37‚20.

271 3813 296 3879 2)
315 3814 346 3864 ci.
366 3813 438 3877 srgrn.
458 3823 527 3872 aab·
549 3817 589 3869 74.
610 3819 635 3868 7.

272 3899 295 3967 3)
315 3901 416 3950 Omissa
434 3906 508 3950 sunt:
539 3906 629 3956 30‚lr:
659 3903 833 3965 pavimentum
854 3901 918 3951 binis
938 3904 1012 3952 vasis.
1032 3909 1125 3960 30,12:
1144 3908 1227 3966 trape-

165 3994 234 4042 tibus
263 3993 360 4040 locum.
398 3995 490 4048 30‚13:
522 3989 637 4038 vectibus
657 3991 751 4039 locum.
783 3991 857 4048 38,1;
886 3992 1009 4054 pabulum
1027 3992 1118 4043 bubus.
1151 3990 1227 4051 38‚3:

164 4082 265 4131 scrobis
284 4082 308 4130 in
329 4087 452 4130 vervacto
472 4079 544 4136 oleis,
565 4079 647 4144 ulmis,
668 4080 767 4134 vitibus¹
789 4078 852 4129 ficis.
