2766 4628
690 235 732 297 40

282 417 379 492 post.

285 512 362 578 Post
390 536 461 579 cum
485 519 636 598 temporis
662 521 843 583 notionibus
879 529 1000 584 tautum
1034 523 1240 604 coniungitur.

172 619 352 684 Memoratu
376 619 505 705 dignum
534 625 572 687 sit
595 636 700 703 57,13.
747 624 884 689 triduum
913 637 1008 710 atque
1032 625 1241 712 quadriduum

170 738 242 807 post
267 728 374 791 oleum
398 729 500 792 facito.

285 854 361 916 pro.

283 936 347 1002 Pro
375 942 432 1004 has
460 943 556 1005 habet
588 942 830 1026 significationes
863 947 893 1008 in
924 946 1004 1008 libro
1039 942 1078 1007 de
1107 948 1238 1030 agricul-

171 1052 256 1106 tura:

290 1166 314 1214 1.
340 1152 385 1214 Zu
409 1154 563 1230 Guusten,
586 1155 634 1217 stir
654 1158 702 1218 his
717 1166 840 1220 tantum
860 1157 950 1220 iocis:
976 1158 1084 1234 63,13.
1118 1159 1238 1222 Votum

173 1278 233 1341 pro
257 1259 362 1320 bubus
390 1263 433 1322 uti
462 1262 596 1324 valeant.
643 1264 751 1339 80,13.
782 1261 896 1344 dapem
919 1283 978 1345 pro
1006 1264 1110 1326 bubus
1134 1265 1236 1328 facito,

172 1363 283 1445 89‚10:
320 1368 398 1430 scito
435 1364 598 1430 dominum
638 1388 697 1449 pro
736 1378 803 1433 tota
838 1370 950 1433 familia
990 1391 1058 1432 rem
1099 1369 1237 1434 divinam

174 1469 288 1533 facere.
336 1475 451 1553 89,14;
486 1477 540 1539 lari
576 1476 716 1538 familiari
739 1497 797 1559 pro
822 1479 913 1561 copia
936 1476 1097 1560 supplicet.
1145 1491 1236 1554 933:

171 1594 295 1659 proque
319 1601 358 1643 ea
381 1603 416 1644 re
440 1585 561 1666 pignori
585 1592 689 1646 sunto.
735 1581 806 1646 Non
822 1602 903 1665 opus
928 1592 975 1645 est
998 1603 1039 1645 ex
1055 1582 1119 1645 aliis
1143 1585 1237 1668 scrip-

171 1683 294 1747 toribus
318 1689 466 1772 exempla
487 1687 608 1753 afferre.

285 1805 313 1855 2.
341 1794 435 1858 Valet
466 1796 538 1858 loco
571 1797 698 1859 alicuius
732 1805 786 1858 aut
817 1794 945 1857 alicuius
969 1796 1013 1857 rei
1045 1804 1168 1874 anstatt
1196 1815 1237 1858 an

173 1896 267 1959 Stelle
292 1919 356 1962 vorr
381 1915 494 1975 2o,11:
519 1923 577 1985 pro
600 1903 698 1983 passis
715 1921 772 1963 eae
797 1883 881 1963 recte
904 1898 1092 1963 conduntur.
1140 1901 1237 1978 28,10

171 2001 256 2066 unde
280 2018 393 2088 quarta
419 2029 490 2091 pars
518 2009 626 2082 aberit,
655 2005 736 2070 duae
760 2026 818 2090 pro
842 2027 915 2083 una,
944 2008 1125 2070 coniiciares
1153 2026 1236 2088 quae

172 2121 265 2173 erunt
287 2131 346 2193 pro
382 2116 463 2178 binis
494 2115 688 2196 putabuntur
720 2114 755 2177 cf.
782 2126 864 2194 319.
900 2126 984 2190 35,7.
1017 2112 1232 2191 53‚18.89‚9.

170 2230 279 2294 93,12.
303 2222 412 2296 9416.
438 2234 530 2298 909:
561 2243 618 2305 pro
643 2242 683 2284 eo
712 2242 808 2284 nemo
833 2220 937 2282 solvet
960 2220 996 2282 cf.
1020 2232 1126 2298 90‚12.
1153 2221 1230 2297 91‚8

174 2337 222 2400 17.
246 2327 353 2404 93‚16.
379 2327 465 2403 173:
490 2347 549 2410 pro
573 2328 727 2391 beneficio
750 2328 883 2409 gratiam
907 2318 1060 2406 reterat.1)

282 2445 312 2508 3.
339 2433 412 2495 Vim
435 2433 530 2496 habet
554 2434 595 2496 ini
612 2434 807 2497 Verhaituiss
830 2452 884 2495 zu:
915 2431 1022 2506 16,tb:
1048 2431 1152 2494 viliam
1176 2452 1236 2515 pro

172 2541 260 2619 copia
272 2537 446 2602 aedificato.
467 2539 638 2621 16,16.pro
653 2561 739 2603 noxa
751 2542 837 2603 bono
850 2537 948 2602 modo
963 2535 1105 2601 vindicet.
1123 2551 1235 2616 79,13:

172 2644 258 2708 Dato
283 2647 389 2710 ieiuno
414 2656 446 2709 et
469 2665 569 2727 puero
593 2665 652 2727 pro
676 2657 779 2711 aetate
802 2646 974 2710 triobolum
999 2653 1030 2706 et
1054 2646 1116 2707 viui
1138 2646 1236 2707 hemi·

171 2771 256 2814 nam.
281 2751 316 2814 cf.
343 2753 437 2817 Truc.
474 2765 547 2831 147:
578 2774 660 2816 nunc
689 2755 821 2816 vicissim
846 2754 931 2816 Voio
959 2752 1077 2814 habere
1101 2753 1237 2814 oratiun'·

173 2858 274 2920 culam
298 2877 355 2939 pro
381 2861 471 2943 copia
494 2861 542 2921 hic
566 2858 651 2940 apud
676 2855 774 2942 vos2)

288 2983 319 3043 4.
349 2963 584 3029 Adverbiorum
610 2987 742 3030 munere
766 2967 937 3048 funguntur
960 2967 1022 3027 hae
1045 2964 1236 3026 locutiones:

169 3092 229 3156 pro
253 3075 375 3136 ratione
405 3085 505 3153 12‚15.
529 3076 613 3151 62,7.
640 3074 746 3149 67,11.
770 3093 829 3156 pro
845 3073 992 3153 portione
1016 3084 1100 3152 55,3.
1127 3071 1235 3147 71‚l8.

177 3179 279 3255 102‚8.
302 3199 361 3261 pro
386 3178 519 3243 indiviso
543 3180 628 3255 865.

282 3297 451 3370 propter.

284 3393 418 3473 Propter
447 3395 492 3454 bis
520 3402 642 3456 tantum
670 3394 700 3455 in
724 3392 804 3454 libro
838 3390 878 3454 de
903 3413 925 3454 r.
949 3411 972 3453 r.
999 3400 1113 3454 exstat:
1145 3403 1234 3466 22,5:

174 3500 280 3562 salicta
303 3498 379 3562 locis
402 3500 538 3581 aquosis,
563 3502 704 3574 umectis
729 3499 886 3562 umbrosis
909 3506 1041 3581 propter
1064 3517 1173 3559 amnes
1196 3496 1237 3558 ibi

171 3605 234 3668 seri
258 3615 393 3686 oportet.
443 3603 653 3668 Conferenda:
688 3605 730 3668 Pl.
756 3605 848 3666 Cure.
877 3615 942 3680 475
971 3605 1000 3665 in
1025 3603 1094 3666 foro
1117 3603 1236 3666 intumo

172 3713 247 3775 boni
276 3713 420 3775 homines
452 3722 548 3794 atque
579 3708 657 3772 dites
685 3711 861 3773 ambulant:
891 3707 928 3772 Iu
963 3706 1068 3771 medio
1106 3719 1237 3793 propter

171 3888 386 3897 ——-——

275 3956 296 4026 1)
308 3959 417 4023 cifrgm.
432 3957 515 4022 16‚17.
529 3956 598 4016 39,8.
611 3957 680 4020 448.
698 3955 766 4011 647.
777 3951 846 4020 68,3,
857 3954 899 4020 69,
910 3955 934 4006 ὁ.
947 3957 1048 4006 Holtze.
1059 3957 1076 4005 l.
1087 3956 1103 4005 l.
1112 3957 1123 4006 l
1133 3971 1158 4019 p.
1171 3955 1232 4017 346.

276 4042 349 4119 per.
370 4050 461 4099 Houze
480 4049 497 4098 1.
519 4049 536 4098 i.
555 4049 568 4098 1
586 4063 611 4112 p.
632 4041 700 4105 3,48.
