2766 4628
703 260 744 322 20

297 431 333 514 3)
358 433 522 497 Ablativus
545 456 617 499 cum
640 434 808 501 adiectivo:

192 555 276 618 44,1.
300 541 357 602 nisi
379 542 564 604 intermestri
586 543 724 627 lunaque
748 542 912 607 dimidiata.

192 646 279 727 569:
305 649 400 730 siquis
428 658 574 732 quaeret,
602 648 688 733 quod
717 661 841 735 tempus
870 650 959 714 oleae
997 651 1151 717 serendae
1183 656 1252 730 siet,

350 773 428 836 agro
452 756 535 818 sicco
558 776 614 839 per
637 759 814 830 sementim,
838 777 915 837 agro
940 756 1024 820 laeto
1047 779 1104 841 per
1127 780 1190 823 ver.

192 873 302 936 73‚13:
326 881 442 943 aquam
465 881 505 922 ex
529 861 592 924 alto
616 863 767 925 marinam
791 865 916 936 sumit0,
942 866 1019 926 mari
1042 866 1218 948 tranquillo.
1257 877 1277 893 ⁹

192 967 281 1050 frgm.
306 967 395 1041 21‚8:
421 967 492 1029 Scio
516 968 619 1029 solere
641 967 798 1051 plerisque
822 970 1000 1032 hominibus
1024 972 1119 1033 rebus
1142 992 1251 1036 secun·

352 1070 397 1134 dis
429 1085 523 1156 atque
550 1073 679 1154 prolixis
707 1085 803 1158 atque
834 1078 990 1159 prosperis
1025 1059 1163 1140 animum
1197 1099 1252 1141 ex-

352 1177 472 1241 cellere.

297 1289 332 1361 4)
358 1285 524 1348 Ablativus
548 1306 620 1349 cum
643 1287 847 1351 substantivo.
1166 1363 1169 1367 .

191 1406 277 1471 403.
301 1403 396 1456 vento
425 1403 533 1456 austro
556 1402 670 1455 caveto
693 1414 830 1476 nequam
855 1397 1046 1457 materiem.
1069 1444 1075 1457 .
1102 1407 1252 1458 .tractes.

191 1499 246 1582 lrg.
269 1499 358 1578 66‚5:
384 1499 419 1561 C.
443 1499 562 1561 Licinio
586 1509 743 1582 praetore.
1075 1481 1077 1486 ἲ

299 1603 351 1667 Ad
376 1607 434 1667 hos
458 1605 576 1667 locon

193 1712 305 1788 82,14;
329 1711 408 1794 Jaue
431 1723 519 1802 pater
542 1721 574 1772 te
597 1710 654 1773 hac
678 1723 764 1774 strue
788 1710 1003 1775 ommovenda
1027 1710 1126 1776 bonas
1142 1734 1256 1796 preces

352 1838 464 1900 precor
487 1818 535 1894 (cf.
561 1825 669 1891 8217.
694 1818 778 1895 83‚1.
803 1819 925 1896 Boua).

193 1924 282 2002 87,t:
307 1934 409 1985 macte
426 1926 488 1987 hoc
504 1944 604 2007 porco
619 1925 742 2006 piaculo
759 1922 952 1987 immolando
970 1936 1039 1986 esto
1061 1921 1109 2007 (cl.
1127 1924 1210 2001 81,4.
1222 1938 1251 2000 5.

354 2032 439 2106 87‚1.
459 2031 504 2094 18.
529 2027 629 2108 88,5).

193 2137 323 2202 adnotat
346 2138 496 2200 Bombius
519 2158 549 2220 p.
575 2149 635 2211 30:
672 2136 705 2198 ln
730 2138 775 2198 bis
798 2137 985 2220 precationis
1008 2135 1147 2198 formulis
1168 2136 1255 2198 abla-

192 2248 292 2308 tivum
328 2243 507 2306 absolutum
542 2253 681 2304 statuere
714 2244 876 2323 probabile
916 2244 989 2304 mihi
1024 2263 1087 2335 non
1123 2239 1254 2320 videtur,

193 2372 265 2413 cum
293 2351 371 2412 aliae
399 2371 433 2410 se
464 2347 599 2410 offerant
626 2349 859 2431 explicationes.
905 2349 1043 2412 Primum
1073 2350 1154 2411 enim
1180 2368 1254 2410 con-

194 2459 378 2521 structiones
402 2456 470 2518 illae
494 2454 649 2538 simplices
672 2455 798 2519 ablativi
822 2457 1016 2518 instrumenti
1028 2476 1097 2517 esse
1110 2464 1252 2537 possunt,

193 2567 343 2650 quoniam
366 2575 466 2626 strues
486 2559 700 2625 ommovenda
724 2582 834 2645 preces
858 2558 958 2624 reddit
974 2563 1074 2624 bonas
1096 2560 1253 2643 efficitque

195 2671 272 2734 deus
296 2670 405 2733 volens
428 2680 523 2752 atque
546 2670 697 2751 propitius
725 2671 764 2730 sit
787 2669 895 2730 oranti.
944 2668 1028 2731 Tum
1052 2670 1145 2731 etiam
1171 2669 1254 2751 cogi-

194 2779 250 2840 tari
272 2788 379 2857 potest
402 2774 442 2836 de
462 2774 600 2837 ablativo
625 2773 710 2835 modi
735 2777 788 2856 qui
811 2776 993 2858 saepissime
1017 2775 1255 2855 inprecationis

195 2882 334 2945 lormulis
350 2881 560 2943 inveniatur.“
608 2880 803 2942 Rectissime.
839 2878 935 2960 Apud
948 2881 1139 2942 vocabulum
1151 2890 1255 2944 macte

194 2988 331 3052 ablativo
355 2987 624 3050 instrumentalem
647 2988 811 3049 notionem
827 2988 929 3048 inesse
944 3005 1097 3069 apparere
1114 2988 1256 3066 arbitror,

194 3116 266 3157 cum
290 3105 322 3156 et
347 3095 433 3156 vocis
456 3093 679 3175 significatione
703 3104 735 3154 et
758 3092 825 3154 aliis
850 3093 926 3154 locis
942 3094 1003 3154 lroc
1022 3094 1254 3172 comprobetur.

194 3203 315 3266 Festus.
349 3220 378 3283 p.
413 3215 486 3277 125:
521 3211 640 3263 mactus
670 3201 769 3282 magis
803 3210 921 3262 auctus
975 3199 1147 3262 Priscianus
1173 3199 1201 3261 V
1225 3219 1254 3280 p.

200 3313 259 3386 183
284 3309 302 3387 ξ
326 3308 369 3370 66
394 3305 456 3388 (ed.
474 3304 583 3384 Keil.):
610 3318 641 3367 et
663 3309 839 3369 invenimus
862 3326 918 3389 per
942 3326 1053 3367 onmes
1077 3305 1141 3366 lere
1165 3323 1255 3365 casus

195 3415 371 3496 composita
393 3423 427 3474 ut
449 3414 651 3496 iurisperitus
678 3459 759 3476 ....
784 3424 886 3473 macte
907 3410 937 3473 id
961 3422 1009 3472 est
1030 3411 1130 3491 magis
1152 3420 1253 3471 aucte.

196 3522 236 3582 Et
259 3517 382 3580 videtur
410 3539 445 3579 re
475 3539 549 3580 uera
582 3517 669 3580 radix
693 3520 780 3580 vocis
804 3538 873 3578 esse
897 3535 1080 3599 mag-quam
1104 3517 1134 3577 in
1158 3535 1252 3578 voca-

194 3627 273 3686 bulis
300 3642 463 3706 mag-nus,
493 3626 615 3705 mag-b,
648 3625 809 3706 mag-ister
839 3618 1141 3706 deprehendimusll
1192 3619 1253 3684 Sed

195 3731 336 3794 conferas
349 3738 527 3814 praeterea:
553 3730 641 3806 81,6:
667 3741 768 3792 macte
785 3733 858 3792 uiuo
875 3729 984 3791 inferio
1009 3740 1077 3792 esto
1101 3731 1148 3806 (cl.
1161 3730 1255 3807 83,2).

195 3841 284 3917 8373:
307 3839 449 3921 luppiter
460 3848 561 3898 macte
574 3839 633 3900 isto
646 3837 725 3899 serto
739 3847 817 3912 esto,
834 3848 937 3899 macte
956 3840 1028 3900 uino
1046 3836 1153 3898 inferio
1174 3848 1253 3897 esto.

298 4045 319 4118 1)
340 4050 378 4099 Sic
398 4049 483 4098 audiri
494 4049 635 4112 Jordanum
649 4050 855 4113 interpretantem
869 4051 932 4100 illud
947 4049 1103 4099 vocabulum
1114 4050 1137 4098 in
1148 4050 1256 4101 scholis.
