<?xml version="1.0" encoding="UTF-8"?>
<!DOCTYPE html PUBLIC "-//W3C//DTD XHTML 1.0 Transitional//EN"
    "http://www.w3.org/TR/xhtml1/DTD/xhtml1-transitional.dtd">
<html xmlns="http://www.w3.org/1999/xhtml" xml:lang="en" lang="en">
 <head>
  <title>
</title>
<meta http-equiv="Content-Type" content="text/html;charset=utf-8" />
  <meta name='ocr-system' content='tesseract 3.04.00' />
  <meta name='ocr-capabilities' content='ocr_page ocr_carea ocr_par ocr_line ocrx_word'/>
</head>
<body>
  <div class='ocr_page' id='page_1' title='image "./degenuinacatoni00schogoog_0020.png"; bbox 0 0 2766 4628; ppageno 0'>
   <div class='ocr_carea' id='block_1_1' title="bbox 668 278 707 342">
    <p class='ocr_par' dir='ltr' id='par_1_1' title="bbox 668 278 707 342">
     <span class='ocr_line' id='line_1_1' title="bbox 668 278 707 342; baseline -0.051 0"><span class='ocrx_word' id='word_1_1' title='bbox 668 278 707 342; x_wconf 89' lang='grc'><strong>11</strong></span> 
     </span>
    </p>
   </div>
   <div class='ocr_carea' id='block_1_2' title="bbox 153 453 1221 1392">
    <p class='ocr_par' dir='ltr' id='par_1_2' title="bbox 153 453 1221 1076">
     <span class='ocr_line' id='line_1_2' title="bbox 154 453 1220 546; baseline 0.006 -25"><span class='ocrx_word' id='word_1_2' title='bbox 154 458 246 533; x_wconf 80' lang='lat'><strong>78,3:</strong></span> <span class='ocrx_word' id='word_1_3' title='bbox 263 453 312 519; x_wconf 76' lang='lat' dir='ltr'><strong>:id</strong></span> <span class='ocrx_word' id='word_1_4' title='bbox 344 477 439 520; x_wconf 91' lang='lat' dir='ltr'><strong>mane</strong></span> <span class='ocrx_word' id='word_1_5' title='bbox 467 458 588 520; x_wconf 91' lang='lat' dir='ltr'><strong>ieiunus</strong></span> <span class='ocrx_word' id='word_1_6' title='bbox 611 460 727 522; x_wconf 91' lang='lat' dir='ltr'><strong>sumito</strong></span> <span class='ocrx_word' id='word_1_7' title='bbox 751 468 885 541; x_wconf 88' lang='lat' dir='ltr'><strong>cyatum.</strong></span> <span class='ocrx_word' id='word_1_8' title='bbox 934 461 1020 539; x_wconf 84' lang='lat'><strong>78,7:</strong></span> <span class='ocrx_word' id='word_1_9' title='bbox 1053 471 1085 525; x_wconf 92' lang='lat' dir='ltr'><strong>et</strong></span> <span class='ocrx_word' id='word_1_10' title='bbox 1108 472 1220 546; x_wconf 90' lang='lat' dir='ltr'><strong>postea</strong></span> 
     </span>
     <span class='ocr_line' id='line_1_3' title="bbox 153 560 1221 646; baseline 0.007 -20"><span class='ocrx_word' id='word_1_11' title='bbox 153 560 186 626; x_wconf 92' lang='lat' dir='ltr'><strong>id</strong></span> <span class='ocrx_word' id='word_1_12' title='bbox 209 562 291 625; x_wconf 90' lang='lat' dir='ltr'><strong>utito</strong></span> <span class='ocrx_word' id='word_1_13' title='bbox 313 565 376 626; x_wconf 93' lang='lat' dir='ltr'><strong>vini</strong></span> <span class='ocrx_word' id='word_1_14' title='bbox 394 574 527 646; x_wconf 88' lang='lat' dir='ltr'><strong>cyatum.</strong></span> <span class='ocrx_word' id='word_1_15' title='bbox 566 565 686 629; x_wconf 87' lang='lat' dir='ltr'>Contra</span> <span class='ocrx_word' id='word_1_16' title='bbox 703 578 794 642; x_wconf 62' lang='lat'><strong>359:</strong></span> <span class='ocrx_word' id='word_1_17' title='bbox 820 567 947 641; x_wconf 87' lang='lat' dir='ltr'><strong>„oleum</strong></span> <span class='ocrx_word' id='word_1_18' title='bbox 966 564 1039 631; x_wconf 89' lang='lat' dir='ltr'><strong>dato</strong></span> <span class='ocrx_word' id='word_1_19' title='bbox 1052 570 1083 632; x_wconf 92' lang='lat' dir='ltr'><strong>in</strong></span> <span class='ocrx_word' id='word_1_20' title='bbox 1095 589 1221 633; x_wconf 91' lang='lat' dir='ltr'><strong>menses</strong></span> 
     </span>
     <span class='ocr_line' id='line_1_4' title="bbox 154 668 1221 755; baseline 0.007 -23"><span class='ocrx_word' id='word_1_21' title='bbox 154 671 207 733; x_wconf 88' lang='lat' dir='ltr'><strong>uni</strong></span> <span class='ocrx_word' id='word_1_22' title='bbox 236 670 349 753; x_wconf 93' lang='lat' dir='ltr'><strong>cuique</strong></span> <span class='ocrx_word' id='word_1_23' title='bbox 378 671 408 732; x_wconf 90' lang='lat' dir='ltr'><strong>S.</strong></span> <span class='ocrx_word' id='word_1_24' title='bbox 431 668 455 731; x_wconf 91' lang='grc' dir='ltr'><strong>Ι.</strong></span> <span class='ocrx_word' id='word_1_25' title='bbox 484 671 556 734; x_wconf 85' lang='lat' dir='ltr'><strong>salis</strong></span> <span class='ocrx_word' id='word_1_26' title='bbox 584 674 636 734; x_wconf 91' lang='lat' dir='ltr'><strong>uni</strong></span> <span class='ocrx_word' id='word_1_27' title='bbox 664 674 777 755; x_wconf 90' lang='lat' dir='ltr'><strong>cuique</strong></span> <span class='ocrx_word' id='word_1_28' title='bbox 807 674 837 734; x_wconf 95' lang='lat' dir='ltr'><strong>in</strong></span> <span class='ocrx_word' id='word_1_29' title='bbox 869 693 953 736; x_wconf 91' lang='lat' dir='ltr'><strong>anno</strong></span> <span class='ocrx_word' id='word_1_30' title='bbox 982 672 1124 739; x_wconf 91' lang='lat' dir='ltr'><strong>modium</strong></span> <span class='ocrx_word' id='word_1_31' title='bbox 1148 678 1221 740; x_wconf 91' lang='lat' dir='ltr'><strong>satis</strong></span> 
     </span>
     <span class='ocr_line' id='line_1_5' title="bbox 155 773 1220 864; baseline 0.006 -25"><span class='ocrx_word' id='word_1_32' title='bbox 155 779 226 839; x_wconf 90' lang='lat' dir='ltr'><strong>est“</strong></span> <span class='ocrx_word' id='word_1_33' title='bbox 250 777 384 839; x_wconf 91' lang='lat' dir='ltr'><strong>verbum</strong></span> <span class='ocrx_word' id='word_1_34' title='bbox 408 773 475 840; x_wconf 89' lang='lat' dir='ltr'><strong>dari</strong></span> <span class='ocrx_word' id='word_1_35' title='bbox 499 787 529 840; x_wconf 93' lang='lat' dir='ltr'><strong>et</strong></span> <span class='ocrx_word' id='word_1_36' title='bbox 553 790 644 857; x_wconf 60' lang='lat'><strong>599:</strong></span> <span class='ocrx_word' id='word_1_37' title='bbox 675 788 763 854; x_wconf 91' lang='lat' dir='ltr'><strong>„tum</strong></span> <span class='ocrx_word' id='word_1_38' title='bbox 792 781 940 842; x_wconf 88' lang='lat' dir='ltr'><strong>cummim</strong></span> <span class='ocrx_word' id='word_1_39' title='bbox 964 777 1075 855; x_wconf 91' lang='lat' dir='ltr'><strong>indito,</strong></span> <span class='ocrx_word' id='word_1_40' title='bbox 1108 790 1220 864; x_wconf 88' lang='lat' dir='ltr'><strong>postea</strong></span> 
     </span>
     <span class='ocr_line' id='line_1_6' title="bbox 154 881 1221 951; baseline 0.005 -5"><span class='ocrx_word' id='word_1_41' title='bbox 154 881 257 947; x_wconf 81' lang='lat' dir='ltr'><strong>linito</strong></span> <span class='ocrx_word' id='word_1_42' title='bbox 285 884 309 945; x_wconf 93' lang='lat' dir='ltr'><strong>si</strong></span> <span class='ocrx_word' id='word_1_43' title='bbox 337 892 424 945; x_wconf 89' lang='lat' dir='ltr'><strong>recte</strong></span> <span class='ocrx_word' id='word_1_44' title='bbox 447 883 559 946; x_wconf 87' lang='lat' dir='ltr'><strong>leveris</strong></span> <span class='ocrx_word' id='word_1_45' title='bbox 583 888 731 948; x_wconf 89' lang='lat' dir='ltr'><strong>cummim</strong></span> <span class='ocrx_word' id='word_1_46' title='bbox 756 885 779 948; x_wconf 93' lang='lat' dir='ltr'>P</span> <span class='ocrx_word' id='word_1_47' title='bbox 804 885 860 949; x_wconf 92' lang='lat' dir='ltr'><strong>llll</strong></span> <span class='ocrx_word' id='word_1_48' title='bbox 883 885 959 950; x_wconf 87' lang='lat' dir='ltr'><strong>satis</strong></span> <span class='ocrx_word' id='word_1_49' title='bbox 983 888 1061 950; x_wconf 90' lang='lat' dir='ltr'><strong>erit“</strong></span> <span class='ocrx_word' id='word_1_50' title='bbox 1085 889 1221 951; x_wconf 91' lang='lat' dir='ltr'><strong>verbum</strong></span> 
     </span>
     <span class='ocr_line' id='line_1_7' title="bbox 154 987 827 1076; baseline 0.003 -24"><span class='ocrx_word' id='word_1_51' title='bbox 154 987 218 1053; x_wconf 91' lang='lat' dir='ltr'><strong>indi</strong></span> <span class='ocrx_word' id='word_1_52' title='bbox 240 998 295 1052; x_wconf 87' lang='lat' dir='ltr'><strong>aut</strong></span> <span class='ocrx_word' id='word_1_53' title='bbox 318 988 426 1053; x_wconf 86' lang='lat' dir='ltr'>indere</span> <span class='ocrx_word' id='word_1_54' title='bbox 449 990 622 1074; x_wconf 88' lang='lat' dir='ltr'><strong>supplenda</strong></span> <span class='ocrx_word' id='word_1_55' title='bbox 646 1014 716 1056; x_wconf 88' lang='lat' dir='ltr'><strong>esse</strong></span> <span class='ocrx_word' id='word_1_56' title='bbox 739 1001 827 1076; x_wconf 90' lang='lat' dir='ltr'><strong>puto.</strong></span> 
     </span>
    </p>

    <p class='ocr_par' dir='ltr' id='par_1_3' title="bbox 155 1096 1221 1392">
     <span class='ocr_line' id='line_1_8' title="bbox 264 1096 1221 1183; baseline 0.002 -25"><span class='ocrx_word' id='word_1_57' title='bbox 264 1096 478 1163; x_wconf 86' lang='lat' dir='ltr'><strong>Transeamus</strong></span> <span class='ocrx_word' id='word_1_58' title='bbox 505 1121 589 1165; x_wconf 90' lang='lat' dir='ltr'><strong>nunc</strong></span> <span class='ocrx_word' id='word_1_59' title='bbox 612 1097 651 1164; x_wconf 91' lang='lat' dir='ltr'><strong>ad</strong></span> <span class='ocrx_word' id='word_1_60' title='bbox 675 1101 894 1163; x_wconf 84' lang='lat' dir='ltr'><strong>attractionem</strong></span> <span class='ocrx_word' id='word_1_61' title='bbox 918 1108 972 1161; x_wconf 86' lang='lat' dir='ltr'><strong>aut</strong></span> <span class='ocrx_word' id='word_1_62' title='bbox 995 1100 1100 1183; x_wconf 92' lang='lat' dir='ltr'><strong>potius</strong></span> <span class='ocrx_word' id='word_1_63' title='bbox 1112 1107 1221 1161; x_wconf 80' lang='lat' dir='ltr'><strong>trans-</strong></span> 
     </span>
     <span class='ocr_line' id='line_1_9' title="bbox 155 1202 1221 1287; baseline 0.003 -22"><span class='ocrx_word' id='word_1_64' title='bbox 155 1204 348 1287; x_wconf 88' lang='lat' dir='ltr'><strong>positionem</strong></span> <span class='ocrx_word' id='word_1_65' title='bbox 377 1209 544 1270; x_wconf 89' lang='lat' dir='ltr'><strong>accusativi</strong></span> <span class='ocrx_word' id='word_1_66' title='bbox 576 1229 617 1271; x_wconf 87' lang='lat' dir='ltr'><strong>ex</strong></span> <span class='ocrx_word' id='word_1_67' title='bbox 646 1207 807 1269; x_wconf 87' lang='lat' dir='ltr'><strong>enuntiato</strong></span> <span class='ocrx_word' id='word_1_68' title='bbox 839 1202 1026 1269; x_wconf 90' lang='lat' dir='ltr'><strong>secundario</strong></span> <span class='ocrx_word' id='word_1_69' title='bbox 1059 1206 1089 1268; x_wconf 91' lang='lat' dir='ltr'><strong>in</strong></span> <span class='ocrx_word' id='word_1_70' title='bbox 1124 1225 1221 1268; x_wconf 88' lang='lat' dir='ltr'><strong>enun-</strong></span> 
     </span>
     <span class='ocr_line' id='line_1_10' title="bbox 155 1310 482 1392; baseline 0.012 -22"><span class='ocrx_word' id='word_1_71' title='bbox 155 1310 267 1373; x_wconf 92' lang='lat' dir='ltr'><strong>tiatum</strong></span> <span class='ocrx_word' id='word_1_72' title='bbox 290 1313 482 1392; x_wconf 90' lang='lat' dir='ltr'><strong>primarium.</strong></span> 
     </span>
    </p>
   </div>
   <div class='ocr_carea' id='block_1_3' title="bbox 431 1449 949 1536">
    <p class='ocr_par' dir='ltr' id='par_1_4' title="bbox 431 1449 949 1536">
     <span class='ocr_line' id='line_1_11' title="bbox 431 1449 949 1536; baseline 0 -20"><span class='ocrx_word' id='word_1_73' title='bbox 431 1449 464 1536; x_wconf 86' lang='lat' dir='ltr'><strong>b)</strong></span> <span class='ocrx_word' id='word_1_74' title='bbox 489 1455 539 1517; x_wconf 93' lang='lat' dir='ltr'><strong>De</strong></span> <span class='ocrx_word' id='word_1_75' title='bbox 562 1456 730 1519; x_wconf 86' lang='lat' dir='ltr'><strong>accusativi</strong></span> <span class='ocrx_word' id='word_1_76' title='bbox 754 1454 949 1516; x_wconf 86' lang='lat' dir='ltr'><strong>attractione.</strong></span> 
     </span>
    </p>
   </div>
   <div class='ocr_carea' id='block_1_4' title="bbox 157 1577 1224 2304">
    <p class='ocr_par' dir='ltr' id='par_1_5' title="bbox 157 1577 1224 2304">
     <span class='ocr_line' id='line_1_12' title="bbox 271 1577 1222 1662; baseline 0.002 -24"><span class='ocrx_word' id='word_1_77' title='bbox 271 1587 376 1656; x_wconf 86' lang='lat'><strong>17,21:</strong></span> <span class='ocrx_word' id='word_1_78' title='bbox 394 1580 480 1662; x_wconf 92' lang='lat' dir='ltr'><strong>prius</strong></span> <span class='ocrx_word' id='word_1_79' title='bbox 492 1579 595 1643; x_wconf 89' lang='lat' dir='ltr'><strong>villam</strong></span> <span class='ocrx_word' id='word_1_80' title='bbox 611 1577 714 1642; x_wconf 90' lang='lat' dir='ltr'><strong>videat</strong></span> <span class='ocrx_word' id='word_1_81' title='bbox 727 1577 835 1641; x_wconf 92' lang='lat' dir='ltr'><strong>clausa</strong></span> <span class='ocrx_word' id='word_1_82' title='bbox 846 1579 888 1640; x_wconf 93' lang='lat' dir='ltr'><strong>uti</strong></span> <span class='ocrx_word' id='word_1_83' title='bbox 902 1579 969 1640; x_wconf 90' lang='lat' dir='ltr'><strong>siet.</strong></span> <span class='ocrx_word' id='word_1_84' title='bbox 1000 1590 1106 1656; x_wconf 77' lang='lat'><strong>17,24:</strong></span> <span class='ocrx_word' id='word_1_85' title='bbox 1119 1581 1222 1641; x_wconf 88' lang='lat' dir='ltr'><strong>aratra</strong></span> 
     </span>
     <span class='ocr_line' id='line_1_13' title="bbox 157 1685 1223 1769; baseline 0.005 -26"><span class='ocrx_word' id='word_1_86' title='bbox 157 1700 371 1767; x_wconf 85' lang='lat' dir='ltr'><strong>vomeresque</strong></span> <span class='ocrx_word' id='word_1_87' title='bbox 395 1685 487 1748; x_wconf 88' lang='lat' dir='ltr'><strong>lacito</strong></span> <span class='ocrx_word' id='word_1_88' title='bbox 507 1688 551 1749; x_wconf 94' lang='lat' dir='ltr'><strong>uti</strong></span> <span class='ocrx_word' id='word_1_89' title='bbox 566 1689 670 1750; x_wconf 90' lang='lat' dir='ltr'><strong>bonos</strong></span> <span class='ocrx_word' id='word_1_90' title='bbox 683 1687 810 1748; x_wconf 89' lang='lat' dir='ltr'><strong>habeas.</strong></span> <span class='ocrx_word' id='word_1_91' title='bbox 840 1685 943 1764; x_wconf 80' lang='lat'><strong>17,1(&gt;:</strong></span> <span class='ocrx_word' id='word_1_92' title='bbox 970 1704 1050 1769; x_wconf 89' lang='lat' dir='ltr'><strong>opus</strong></span> <span class='ocrx_word' id='word_1_93' title='bbox 1073 1685 1223 1749; x_wconf 91' lang='lat' dir='ltr'><strong>rusticum</strong></span> 
     </span>
     <span class='ocr_line' id='line_1_14' title="bbox 160 1791 1224 1871; baseline 0.004 -22"><span class='ocrx_word' id='word_1_94' title='bbox 160 1807 256 1850; x_wconf 90' lang='lat' dir='ltr'><strong>omne</strong></span> <span class='ocrx_word' id='word_1_95' title='bbox 280 1800 367 1853; x_wconf 88' lang='lat' dir='ltr'><strong>curet</strong></span> <span class='ocrx_word' id='word_1_96' title='bbox 389 1793 433 1854; x_wconf 93' lang='lat' dir='ltr'><strong>uti</strong></span> <span class='ocrx_word' id='word_1_97' title='bbox 456 1794 532 1855; x_wconf 89' lang='lat' dir='ltr'><strong>sciat</strong></span> <span class='ocrx_word' id='word_1_98' title='bbox 557 1793 669 1857; x_wconf 88' lang='lat' dir='ltr'><strong>lacere.</strong></span> <span class='ocrx_word' id='word_1_99' title='bbox 716 1791 826 1869; x_wconf 55' lang='lat'>3416:</span> <span class='ocrx_word' id='word_1_100' title='bbox 852 1792 946 1853; x_wconf 88' lang='lat' dir='ltr'><strong>orbes</strong></span> <span class='ocrx_word' id='word_1_101' title='bbox 969 1810 1081 1853; x_wconf 91' lang='lat' dir='ltr'><strong>cavere</strong></span> <span class='ocrx_word' id='word_1_102' title='bbox 1097 1800 1224 1871; x_wconf 89' lang='lat' dir='ltr'><strong>oportet</strong></span> 
     </span>
     <span class='ocr_line' id='line_1_15' title="bbox 158 1892 1222 1981; baseline 0.006 -26"><span class='ocrx_word' id='word_1_103' title='bbox 158 1892 276 1978; x_wconf 90' lang='lat' dir='ltr'><strong>nequid</strong></span> <span class='ocrx_word' id='word_1_104' title='bbox 299 1901 482 1965; x_wconf 86' lang='lat' dir='ltr'><strong>mortarium</strong></span> <span class='ocrx_word' id='word_1_105' title='bbox 506 1909 615 1964; x_wconf 88' lang='lat' dir='ltr'><strong>terant.</strong></span> <span class='ocrx_word' id='word_1_106' title='bbox 663 1911 775 1978; x_wconf 83' lang='lat' dir='ltr'><strong>35,t5:</strong></span> <span class='ocrx_word' id='word_1_107' title='bbox 800 1897 847 1960; x_wconf 88' lang='lat' dir='ltr'><strong>lac</strong></span> <span class='ocrx_word' id='word_1_108' title='bbox 871 1894 911 1959; x_wconf 88' lang='lat' dir='ltr'><strong>ad</strong></span> <span class='ocrx_word' id='word_1_109' title='bbox 928 1895 1118 1961; x_wconf 90' lang='lat' dir='ltr'><strong>vindemiam</strong></span> <span class='ocrx_word' id='word_1_110' title='bbox 1138 1918 1222 1981; x_wconf 90' lang='lat' dir='ltr'><strong>quae</strong></span> 
     </span>
     <span class='ocr_line' id='line_1_16' title="bbox 160 2003 1222 2087; baseline 0.004 -24"><span class='ocrx_word' id='word_1_111' title='bbox 160 2021 241 2085; x_wconf 91' lang='lat' dir='ltr'><strong>opus</strong></span> <span class='ocrx_word' id='word_1_112' title='bbox 269 2014 340 2067; x_wconf 92' lang='lat' dir='ltr'><strong>sunt</strong></span> <span class='ocrx_word' id='word_1_113' title='bbox 368 2016 528 2086; x_wconf 87' lang='lat' dir='ltr'><strong>parentur.</strong></span> <span class='ocrx_word' id='word_1_114' title='bbox 585 2005 696 2085; x_wconf 81' lang='lat'><strong>39‚13:</strong></span> <span class='ocrx_word' id='word_1_115' title='bbox 727 2011 835 2067; x_wconf 87' lang='lat' dir='ltr'><strong>vectes</strong></span> <span class='ocrx_word' id='word_1_116' title='bbox 869 2003 1013 2087; x_wconf 79' lang='lat' dir='ltr'><strong>iligneoS‚</strong></span> <span class='ocrx_word' id='word_1_117' title='bbox 1046 2005 1222 2082; x_wconf 87' lang='lat' dir='ltr'><strong>acrulolios,</strong></span> 
     </span>
     <span class='ocr_line' id='line_1_17' title="bbox 158 2107 1223 2196; baseline 0.003 -26"><span class='ocrx_word' id='word_1_118' title='bbox 158 2107 286 2171; x_wconf 90' lang='lat' dir='ltr'><strong>laureos</strong></span> <span class='ocrx_word' id='word_1_119' title='bbox 310 2110 433 2174; x_wconf 92' lang='lat' dir='ltr'><strong>ulmeos</strong></span> <span class='ocrx_word' id='word_1_120' title='bbox 457 2113 547 2176; x_wconf 87' lang='lat' dir='ltr'><strong>facito</strong></span> <span class='ocrx_word' id='word_1_121' title='bbox 571 2114 615 2175; x_wconf 91' lang='lat' dir='ltr'><strong>uti</strong></span> <span class='ocrx_word' id='word_1_122' title='bbox 639 2115 719 2175; x_wconf 88' lang='lat' dir='ltr'><strong>sieut</strong></span> <span class='ocrx_word' id='word_1_123' title='bbox 743 2110 850 2196; x_wconf 88' lang='lat' dir='ltr'><strong>parati.</strong></span> <span class='ocrx_word' id='word_1_124' title='bbox 898 2125 1003 2188; x_wconf 78' lang='lat'><strong>40,14.</strong></span> <span class='ocrx_word' id='word_1_125' title='bbox 1029 2110 1164 2175; x_wconf 91' lang='lat' dir='ltr'><strong>Vineam</strong></span> <span class='ocrx_word' id='word_1_126' title='bbox 1180 2113 1223 2173; x_wconf 89' lang='lat' dir='ltr'><strong>sic</strong></span> 
     </span>
     <span class='ocr_line' id='line_1_18' title="bbox 160 2213 1223 2304; baseline 0.005 -28"><span class='ocrx_word' id='word_1_127' title='bbox 160 2213 251 2278; x_wconf 90' lang='lat' dir='ltr'><strong>sacito</strong></span> <span class='ocrx_word' id='word_1_128' title='bbox 284 2218 327 2278; x_wconf 93' lang='lat' dir='ltr'><strong>uti</strong></span> <span class='ocrx_word' id='word_1_129' title='bbox 363 2229 497 2282; x_wconf 91' lang='lat' dir='ltr'><strong>curetur.</strong></span> <span class='ocrx_word' id='word_1_130' title='bbox 545 2233 643 2299; x_wconf 77' lang='lat'><strong>44,15</strong></span> <span class='ocrx_word' id='word_1_131' title='bbox 678 2220 783 2304; x_wconf 84' lang='lat' dir='ltr'><strong>ignem</strong></span> <span class='ocrx_word' id='word_1_132' title='bbox 819 2229 931 2282; x_wconf 89' lang='lat' dir='ltr'><strong>caveto</strong></span> <span class='ocrx_word' id='word_1_133' title='bbox 966 2241 1007 2282; x_wconf 93' lang='lat' dir='ltr'><strong>ne</strong></span> <span class='ocrx_word' id='word_1_134' title='bbox 1031 2219 1223 2282; x_wconf 81' lang='lat' dir='ltr'><strong>intermittas.</strong></span> 
     </span>
    </p>
   </div>
   <div class='ocr_carea' id='block_1_5' title="bbox 159 2320 1225 3904">
    <p class='ocr_par' dir='ltr' id='par_1_6' title="bbox 159 2320 1225 3904">
     <span class='ocr_line' id='line_1_19' title="bbox 160 2320 1223 2408; baseline 0.005 -24"><span class='ocrx_word' id='word_1_135' title='bbox 160 2320 250 2399; x_wconf 77' lang='grc'>48,4;</span> <span class='ocrx_word' id='word_1_136' title='bbox 276 2343 333 2386; x_wconf 92' lang='lat' dir='ltr'><strong>eos</strong></span> <span class='ocrx_word' id='word_1_137' title='bbox 357 2327 498 2390; x_wconf 91' lang='lat' dir='ltr'><strong>surculos</strong></span> <span class='ocrx_word' id='word_1_138' title='bbox 521 2327 613 2391; x_wconf 87' lang='lat' dir='ltr'><strong>facito</strong></span> <span class='ocrx_word' id='word_1_139' title='bbox 637 2328 696 2389; x_wconf 92' lang='lat' dir='ltr'><strong>sint</strong></span> <span class='ocrx_word' id='word_1_140' title='bbox 728 2325 813 2408; x_wconf 84' lang='lat' dir='ltr'><strong>longi</strong></span> <span class='ocrx_word' id='word_1_141' title='bbox 840 2323 939 2407; x_wconf 89' lang='lat' dir='ltr'><strong>pedes</strong></span> <span class='ocrx_word' id='word_1_142' title='bbox 963 2327 1063 2390; x_wconf 90' lang='lat' dir='ltr'><strong>binos.</strong></span> <span class='ocrx_word' id='word_1_143' title='bbox 1112 2336 1223 2404; x_wconf 86' lang='lat' dir='ltr'><strong>72,1o:</strong></span> 
     </span>
     <span class='ocr_line' id='line_1_20' title="bbox 160 2427 1222 2516; baseline 0.003 -26"><span class='ocrx_word' id='word_1_144' title='bbox 160 2427 278 2492; x_wconf 94' lang='lat' dir='ltr'><strong>Vinum</strong></span> <span class='ocrx_word' id='word_1_145' title='bbox 314 2431 338 2491; x_wconf 94' lang='lat' dir='ltr'><strong>si</strong></span> <span class='ocrx_word' id='word_1_146' title='bbox 373 2433 462 2495; x_wconf 86' lang='lat' dir='ltr'><strong>voles</strong></span> <span class='ocrx_word' id='word_1_147' title='bbox 497 2435 631 2516; x_wconf 89' lang='lat' dir='ltr'><strong>experiri</strong></span> <span class='ocrx_word' id='word_1_148' title='bbox 667 2431 850 2495; x_wconf 89' lang='lat' dir='ltr'><strong>duraturum</strong></span> <span class='ocrx_word' id='word_1_149' title='bbox 886 2434 923 2496; x_wconf 91' lang='lat' dir='ltr'><strong>sit</strong></span> <span class='ocrx_word' id='word_1_150' title='bbox 946 2453 1056 2496; x_wconf 85' lang='lat' dir='ltr'><strong>necne.</strong></span> <span class='ocrx_word' id='word_1_151' title='bbox 1108 2432 1222 2508; x_wconf 77' lang='lat'><strong>89,15:</strong></span> 
     </span>
     <span class='ocr_line' id='line_1_21' title="bbox 161 2534 1223 2603; baseline 0.006 -9"><span class='ocrx_word' id='word_1_152' title='bbox 161 2534 264 2596; x_wconf 90' lang='lat' dir='ltr'><strong>cibum</strong></span> <span class='ocrx_word' id='word_1_153' title='bbox 292 2536 346 2598; x_wconf 88' lang='lat' dir='ltr'><strong>tibi</strong></span> <span class='ocrx_word' id='word_1_154' title='bbox 375 2548 407 2601; x_wconf 91' lang='lat' dir='ltr'><strong>et</strong></span> <span class='ocrx_word' id='word_1_155' title='bbox 438 2538 571 2603; x_wconf 85' lang='lat' dir='ltr'><strong>familiae</strong></span> <span class='ocrx_word' id='word_1_156' title='bbox 599 2549 687 2603; x_wconf 90' lang='lat' dir='ltr'><strong>curet</strong></span> <span class='ocrx_word' id='word_1_157' title='bbox 714 2540 759 2601; x_wconf 92' lang='lat' dir='ltr'><strong>uti</strong></span> <span class='ocrx_word' id='word_1_158' title='bbox 787 2548 913 2602; x_wconf 93' lang='lat' dir='ltr'><strong>coctum</strong></span> <span class='ocrx_word' id='word_1_159' title='bbox 937 2540 1062 2602; x_wconf 88' lang='lat' dir='ltr'><strong>habeat.</strong></span> <span class='ocrx_word' id='word_1_160' title='bbox 1110 2538 1223 2601; x_wconf 91' lang='lat' dir='ltr'><strong>Conle-</strong></span> 
     </span>
     <span class='ocr_line' id='line_1_22' title="bbox 161 2638 1224 2729; baseline 0.004 -27"><span class='ocrx_word' id='word_1_161' title='bbox 161 2638 259 2704; x_wconf 88' lang='lat' dir='ltr'><strong>renda</strong></span> <span class='ocrx_word' id='word_1_162' title='bbox 282 2654 369 2706; x_wconf 89' lang='lat' dir='ltr'><strong>sunt:</strong></span> <span class='ocrx_word' id='word_1_163' title='bbox 399 2644 487 2728; x_wconf 84' lang='lat' dir='ltr'><strong>lrgm.</strong></span> <span class='ocrx_word' id='word_1_164' title='bbox 528 2641 619 2721; x_wconf 88' lang='lat'><strong>35,1:</strong></span> <span class='ocrx_word' id='word_1_165' title='bbox 644 2645 772 2710; x_wconf 89' lang='lat' dir='ltr'><strong>Interea</strong></span> <span class='ocrx_word' id='word_1_166' title='bbox 794 2665 1052 2729; x_wconf 90' lang='lat' dir='ltr'><strong>unamquamque</strong></span> <span class='ocrx_word' id='word_1_167' title='bbox 1077 2652 1224 2719; x_wconf 89' lang='lat' dir='ltr'><strong>turmam,</strong></span> 
     </span>
     <span class='ocr_line' id='line_1_23' title="bbox 162 2749 1224 2838; baseline 0.003 -30"><span class='ocrx_word' id='word_1_168' title='bbox 162 2749 370 2832; x_wconf 83' lang='lat' dir='ltr'><strong>manipulam,</strong></span> <span class='ocrx_word' id='word_1_169' title='bbox 411 2752 576 2815; x_wconf 93' lang='lat' dir='ltr'><strong>cohortem</strong></span> <span class='ocrx_word' id='word_1_170' title='bbox 612 2754 806 2838; x_wconf 88' lang='lat' dir='ltr'><strong>temptabam</strong></span> <span class='ocrx_word' id='word_1_171' title='bbox 841 2749 915 2836; x_wconf 93' lang='lat' dir='ltr'><strong>quid</strong></span> <span class='ocrx_word' id='word_1_172' title='bbox 951 2753 1052 2815; x_wconf 88' lang='lat' dir='ltr'><strong>lacere</strong></span> <span class='ocrx_word' id='word_1_173' title='bbox 1087 2750 1224 2835; x_wconf 89' lang='lat' dir='ltr'><strong>possent.</strong></span> 
     </span>
     <span class='ocr_line' id='line_1_24' title="bbox 159 2851 1224 2945; baseline 0.005 -30"><span class='ocrx_word' id='word_1_174' title='bbox 159 2851 202 2914; x_wconf 91' lang='lat' dir='ltr'><strong>Pl.</strong></span> <span class='ocrx_word' id='word_1_175' title='bbox 220 2854 317 2918; x_wconf 86' lang='lat' dir='ltr'><strong>Poen.</strong></span> <span class='ocrx_word' id='word_1_176' title='bbox 331 2868 413 2934; x_wconf 82' lang='lat'>453:</span> <span class='ocrx_word' id='word_1_177' title='bbox 440 2859 505 2920; x_wconf 85' lang='lat' dir='ltr'><strong>Sex</strong></span> <span class='ocrx_word' id='word_1_178' title='bbox 522 2879 623 2941; x_wconf 86' lang='lat' dir='ltr'><strong>agnos</strong></span> <span class='ocrx_word' id='word_1_179' title='bbox 646 2860 806 2923; x_wconf 82' lang='lat' dir='ltr'><strong>immolavi</strong></span> <span class='ocrx_word' id='word_1_180' title='bbox 830 2881 889 2924; x_wconf 91' lang='lat' dir='ltr'><strong>nec</strong></span> <span class='ocrx_word' id='word_1_181' title='bbox 913 2861 1001 2945; x_wconf 91' lang='lat' dir='ltr'><strong>potui</strong></span> <span class='ocrx_word' id='word_1_182' title='bbox 1024 2868 1131 2922; x_wconf 87' lang='lat' dir='ltr'><strong>tamen</strong></span> <span class='ocrx_word' id='word_1_183' title='bbox 1147 2857 1224 2921; x_wconf 92' lang='lat' dir='ltr'><strong>Pro-</strong></span> 
     </span>
     <span class='ocr_line' id='line_1_25' title="bbox 160 2961 1224 3048; baseline 0.005 -27"><span class='ocrx_word' id='word_1_184' title='bbox 160 2961 269 3041; x_wconf 87' lang='lat' dir='ltr'><strong>pitiunr</strong></span> <span class='ocrx_word' id='word_1_185' title='bbox 294 2961 455 3028; x_wconf 88' lang='lat' dir='ltr'><strong>Venerem</strong></span> <span class='ocrx_word' id='word_1_186' title='bbox 483 2965 586 3029; x_wconf 90' lang='lat' dir='ltr'><strong>lacere</strong></span> <span class='ocrx_word' id='word_1_187' title='bbox 615 2978 649 3030; x_wconf 88' lang='lat' dir='ltr'><strong>ut</strong></span> <span class='ocrx_word' id='word_1_188' title='bbox 676 2965 804 3030; x_wconf 88' lang='lat' dir='ltr'><strong>tandem</strong></span> <span class='ocrx_word' id='word_1_189' title='bbox 841 2977 924 3030; x_wconf 90' lang='lat' dir='ltr'><strong>esset</strong></span> <span class='ocrx_word' id='word_1_190' title='bbox 947 2961 1061 3048; x_wconf 82' lang='lat' dir='ltr'><strong>mini.1)</strong></span> <span class='ocrx_word' id='word_1_191' title='bbox 1120 2965 1224 3045; x_wconf 77' lang='lat' dir='ltr'><strong>Quam</strong></span> 
     </span>
     <span class='ocr_line' id='line_1_26' title="bbox 161 3069 1225 3158; baseline 0.001 -27"><span class='ocrx_word' id='word_1_192' title='bbox 161 3078 349 3135; x_wconf 87' lang='lat' dir='ltr'><strong>structuram</strong></span> <span class='ocrx_word' id='word_1_193' title='bbox 373 3080 438 3134; x_wconf 88' lang='lat' dir='ltr'><strong>tarn</strong></span> <span class='ocrx_word' id='word_1_194' title='bbox 461 3093 557 3158; x_wconf 87' lang='lat' dir='ltr'><strong>saepe</strong></span> <span class='ocrx_word' id='word_1_195' title='bbox 576 3094 745 3136; x_wconf 89' lang='lat' dir='ltr'><strong>occurrere</strong></span> <span class='ocrx_word' id='word_1_196' title='bbox 770 3075 800 3137; x_wconf 92' lang='lat' dir='ltr'><strong>in</strong></span> <span class='ocrx_word' id='word_1_197' title='bbox 816 3074 896 3138; x_wconf 90' lang='lat' dir='ltr'><strong>libro</strong></span> <span class='ocrx_word' id='word_1_198' title='bbox 913 3072 952 3136; x_wconf 92' lang='lat' dir='ltr'><strong>de</strong></span> <span class='ocrx_word' id='word_1_199' title='bbox 968 3095 1003 3137; x_wconf 93' lang='lat' dir='ltr'><strong>re</strong></span> <span class='ocrx_word' id='word_1_200' title='bbox 1020 3073 1134 3136; x_wconf 92' lang='lat' dir='ltr'><strong>rustica</strong></span> <span class='ocrx_word' id='word_1_201' title='bbox 1152 3069 1225 3133; x_wconf 91' lang='lat' dir='ltr'><strong>inde</strong></span> 
     </span>
     <span class='ocr_line' id='line_1_27' title="bbox 162 3173 1225 3264; baseline 0 -26"><span class='ocrx_word' id='word_1_202' title='bbox 162 3187 210 3241; x_wconf 90' lang='lat' dir='ltr'><strong>est</strong></span> <span class='ocrx_word' id='word_1_203' title='bbox 242 3176 471 3259; x_wconf 86' lang='lat' dir='ltr'><strong>explicandum,</strong></span> <span class='ocrx_word' id='word_1_204' title='bbox 506 3178 594 3263; x_wconf 94' lang='lat' dir='ltr'><strong>quod</strong></span> <span class='ocrx_word' id='word_1_205' title='bbox 629 3181 746 3264; x_wconf 85' lang='lat' dir='ltr'><strong>ubique</strong></span> <span class='ocrx_word' id='word_1_206' title='bbox 781 3182 810 3242; x_wconf 93' lang='lat' dir='ltr'><strong>in</strong></span> <span class='ocrx_word' id='word_1_207' title='bbox 844 3202 884 3243; x_wconf 90' lang='lat' dir='ltr'><strong>eo</strong></span> <span class='ocrx_word' id='word_1_208' title='bbox 899 3178 943 3242; x_wconf 85' lang='lat' dir='ltr'><strong>&#39;id</strong></span> <span class='ocrx_word' id='word_1_209' title='bbox 974 3177 1163 3242; x_wconf 89' lang='lat' dir='ltr'><strong>vocabulum</strong></span> <span class='ocrx_word' id='word_1_210' title='bbox 1185 3173 1225 3238; x_wconf 90' lang='lat' dir='ltr'><strong>de</strong></span> 
     </span>
     <span class='ocr_line' id='line_1_28' title="bbox 161 3284 1223 3369; baseline 0 -24"><span class='ocrx_word' id='word_1_211' title='bbox 161 3304 226 3367; x_wconf 92' lang='lat' dir='ltr'><strong>quo</strong></span> <span class='ocrx_word' id='word_1_212' title='bbox 250 3286 353 3368; x_wconf 83' lang='lat' dir='ltr'><strong>agitur</strong></span> <span class='ocrx_word' id='word_1_213' title='bbox 376 3286 462 3348; x_wconf 89' lang='lat' dir='ltr'><strong>initio</strong></span> <span class='ocrx_word' id='word_1_214' title='bbox 486 3287 636 3349; x_wconf 88' lang='lat' dir='ltr'><strong>enuntiati</strong></span> <span class='ocrx_word' id='word_1_215' title='bbox 660 3288 802 3369; x_wconf 88' lang='lat' dir='ltr'><strong>ponitur,</strong></span> <span class='ocrx_word' id='word_1_216' title='bbox 837 3295 872 3348; x_wconf 89' lang='lat' dir='ltr'><strong>ut</strong></span> <span class='ocrx_word' id='word_1_217' title='bbox 895 3286 1036 3349; x_wconf 90' lang='lat' dir='ltr'><strong>celeriter</strong></span> <span class='ocrx_word' id='word_1_218' title='bbox 1059 3284 1223 3368; x_wconf 87' lang='lat' dir='ltr'><strong>perspicia-</strong></span> 
     </span>
     <span class='ocr_line' id='line_1_29' title="bbox 161 3392 1224 3474; baseline 0 -22"><span class='ocrx_word' id='word_1_219' title='bbox 161 3398 222 3466; x_wconf 89' lang='lat' dir='ltr'><strong>tur,</strong></span> <span class='ocrx_word' id='word_1_220' title='bbox 246 3412 329 3474; x_wconf 88' lang='lat' dir='ltr'><strong>quae</strong></span> <span class='ocrx_word' id='word_1_221' title='bbox 352 3413 402 3454; x_wconf 90' lang='lat' dir='ltr'><strong>res</strong></span> <span class='ocrx_word' id='word_1_222' title='bbox 417 3401 579 3456; x_wconf 88' lang='lat' dir='ltr'><strong>tractetur.</strong></span> <span class='ocrx_word' id='word_1_223' title='bbox 627 3393 780 3457; x_wconf 86' lang='lat' dir='ltr'><strong>Conleras</strong></span> <span class='ocrx_word' id='word_1_224' title='bbox 796 3393 1036 3456; x_wconf 89' lang='lat' dir='ltr'><strong>collocationem</strong></span> <span class='ocrx_word' id='word_1_225' title='bbox 1052 3392 1224 3454; x_wconf 91' lang='lat' dir='ltr'><strong>verborum</strong></span> 
     </span>
     <span class='ocr_line' id='line_1_30' title="bbox 162 3496 1224 3585; baseline 0.003 -26"><span class='ocrx_word' id='word_1_226' title='bbox 162 3498 191 3560; x_wconf 92' lang='lat' dir='ltr'><strong>in</strong></span> <span class='ocrx_word' id='word_1_227' title='bbox 216 3498 262 3560; x_wconf 90' lang='lat' dir='ltr'><strong>his</strong></span> <span class='ocrx_word' id='word_1_228' title='bbox 286 3497 379 3560; x_wconf 88' lang='lat' dir='ltr'><strong>locis:</strong></span> <span class='ocrx_word' id='word_1_229' title='bbox 416 3512 498 3577; x_wconf 87' lang='lat'><strong>12,1:</strong></span> <span class='ocrx_word' id='word_1_230' title='bbox 529 3496 696 3563; x_wconf 85' lang='lat' dir='ltr'><strong>Praedium</strong></span> <span class='ocrx_word' id='word_1_231' title='bbox 725 3520 822 3583; x_wconf 92' lang='lat' dir='ltr'><strong>quom</strong></span> <span class='ocrx_word' id='word_1_232' title='bbox 847 3521 960 3585; x_wconf 89' lang='lat' dir='ltr'><strong>parare</strong></span> <span class='ocrx_word' id='word_1_233' title='bbox 988 3500 1153 3584; x_wconf 85' lang='lat' dir='ltr'><strong>cogitabis,</strong></span> <span class='ocrx_word' id='word_1_234' title='bbox 1181 3500 1224 3562; x_wconf 91' lang='lat' dir='ltr'><strong>sic</strong></span> 
     </span>
     <span class='ocr_line' id='line_1_31' title="bbox 161 3605 1223 3686; baseline 0.002 -20"><span class='ocrx_word' id='word_1_235' title='bbox 161 3605 192 3666; x_wconf 93' lang='lat' dir='ltr'><strong>in</strong></span> <span class='ocrx_word' id='word_1_236' title='bbox 215 3605 321 3666; x_wconf 90' lang='lat' dir='ltr'><strong>animo</strong></span> <span class='ocrx_word' id='word_1_237' title='bbox 345 3605 478 3685; x_wconf 80' lang='lat' dir='ltr'><strong>habet03</strong></span> <span class='ocrx_word' id='word_1_238' title='bbox 503 3616 557 3670; x_wconf 90' lang='lat' dir='ltr'><strong>aut</strong></span> <span class='ocrx_word' id='word_1_239' title='bbox 573 3619 648 3684; x_wconf 82' lang='lat'>43‚5</span> <span class='ocrx_word' id='word_1_240' title='bbox 672 3606 798 3669; x_wconf 89' lang='lat' dir='ltr'><strong>Stercus</strong></span> <span class='ocrx_word' id='word_1_241' title='bbox 821 3605 906 3670; x_wconf 91' lang='lat' dir='ltr'><strong>unde</strong></span> <span class='ocrx_word' id='word_1_242' title='bbox 930 3608 1036 3686; x_wconf 83' lang='lat' dir='ltr'><strong>lacias3</strong></span> <span class='ocrx_word' id='word_1_243' title='bbox 1060 3616 1114 3670; x_wconf 94' lang='lat' dir='ltr'><strong>aut</strong></span> <span class='ocrx_word' id='word_1_244' title='bbox 1133 3605 1223 3686; x_wconf 78' lang='lat' dir='ltr'><strong>69,t:</strong></span> 
     </span>
     <span class='ocr_line' id='line_1_32' title="bbox 162 3711 1224 3797; baseline 0.001 -23"><span class='ocrx_word' id='word_1_245' title='bbox 162 3711 360 3774; x_wconf 89' lang='lat' dir='ltr'><strong>Vestimenta</strong></span> <span class='ocrx_word' id='word_1_246' title='bbox 384 3732 425 3775; x_wconf 95' lang='lat' dir='ltr'><strong>ne</strong></span> <span class='ocrx_word' id='word_1_247' title='bbox 448 3713 542 3776; x_wconf 91' lang='lat' dir='ltr'><strong>tiniae</strong></span> <span class='ocrx_word' id='word_1_248' title='bbox 565 3723 711 3796; x_wconf 81' lang='lat' dir='ltr'><strong>tangant3</strong></span> <span class='ocrx_word' id='word_1_249' title='bbox 736 3724 790 3776; x_wconf 89' lang='lat' dir='ltr'><strong>aut</strong></span> <span class='ocrx_word' id='word_1_250' title='bbox 814 3711 924 3788; x_wconf 84' lang='lat' dir='ltr'><strong>85,to:</strong></span> <span class='ocrx_word' id='word_1_251' title='bbox 948 3713 1136 3777; x_wconf 91' lang='lat' dir='ltr'><strong>Politionem</strong></span> <span class='ocrx_word' id='word_1_252' title='bbox 1160 3733 1224 3797; x_wconf 92' lang='lat' dir='ltr'><strong>quo</strong></span> 
     </span>
     <span class='ocr_line' id='line_1_33' title="bbox 161 3815 1224 3904; baseline 0.003 -24"><span class='ocrx_word' id='word_1_253' title='bbox 161 3828 256 3898; x_wconf 87' lang='lat' dir='ltr'><strong>pacto</strong></span> <span class='ocrx_word' id='word_1_254' title='bbox 280 3815 344 3879; x_wconf 87' lang='lat' dir='ltr'><strong>dari</strong></span> <span class='ocrx_word' id='word_1_255' title='bbox 362 3829 521 3903; x_wconf 74' lang='lat' dir='ltr'><strong>oporteat3</strong></span> <span class='ocrx_word' id='word_1_256' title='bbox 534 3830 588 3884; x_wconf 93' lang='lat' dir='ltr'><strong>aut</strong></span> <span class='ocrx_word' id='word_1_257' title='bbox 608 3819 718 3896; x_wconf 82' lang='lat'><strong>106,5:</strong></span> <span class='ocrx_word' id='word_1_258' title='bbox 744 3821 871 3883; x_wconf 89' lang='lat' dir='ltr'><strong>Luxum</strong></span> <span class='ocrx_word' id='word_1_259' title='bbox 887 3821 910 3882; x_wconf 92' lang='lat' dir='ltr'><strong>si</strong></span> <span class='ocrx_word' id='word_1_260' title='bbox 927 3816 1013 3904; x_wconf 94' lang='lat' dir='ltr'><strong>quod</strong></span> <span class='ocrx_word' id='word_1_261' title='bbox 1038 3829 1092 3883; x_wconf 92' lang='lat' dir='ltr'><strong>est.</strong></span> <span class='ocrx_word' id='word_1_262' title='bbox 1117 3817 1224 3902; x_wconf 83' lang='lat' dir='ltr'><strong>Atque</strong></span> 
     </span>
    </p>
   </div>
   <div class='ocr_carea' id='block_1_6' title="bbox 162 4012 1223 4156">
    <p class='ocr_par' dir='ltr' id='par_1_7' title="bbox 162 4012 1223 4156">
     <span class='ocr_line' id='line_1_34' title="bbox 269 4012 1223 4081; baseline -0.004 -15"><span class='ocrx_word' id='word_1_263' title='bbox 269 4012 289 4081; x_wconf 86' lang='lat'><strong>¹)</strong></span> <span class='ocrx_word' id='word_1_264' title='bbox 309 4017 340 4066; x_wconf 93' lang='lat' dir='ltr'><strong>cf.</strong></span> <span class='ocrx_word' id='word_1_265' title='bbox 360 4016 437 4066; x_wconf 90' lang='lat' dir='ltr'><strong>Most.</strong></span> <span class='ocrx_word' id='word_1_266' title='bbox 458 4032 482 4067; x_wconf 94' lang='lat' dir='ltr'><strong>v.</strong></span> <span class='ocrx_word' id='word_1_267' title='bbox 497 4017 556 4075; x_wconf 80' lang='lat'>389.</span> <span class='ocrx_word' id='word_1_268' title='bbox 593 4015 662 4065; x_wconf 89' lang='lat' dir='ltr'><strong>Satin</strong></span> <span class='ocrx_word' id='word_1_269' title='bbox 682 4016 770 4073; x_wconf 87' lang='lat' dir='ltr'><strong>habes,</strong></span> <span class='ocrx_word' id='word_1_270' title='bbox 790 4015 813 4064; x_wconf 91' lang='lat' dir='ltr'><strong>si</strong></span> <span class='ocrx_word' id='word_1_271' title='bbox 826 4030 873 4079; x_wconf 83' lang='lat' dir='ltr'><strong>ego</strong></span> <span class='ocrx_word' id='word_1_272' title='bbox 885 4015 1060 4064; x_wconf 84' lang='lat' dir='ltr'><strong>advenientem</strong></span> <span class='ocrx_word' id='word_1_273' title='bbox 1076 4016 1109 4064; x_wconf 93' lang='lat' dir='ltr'><strong>ita</strong></span> <span class='ocrx_word' id='word_1_274' title='bbox 1123 4020 1223 4079; x_wconf 90' lang='lat' dir='ltr'><strong>patrem</strong></span> 
     </span>
     <span class='ocr_line' id='line_1_35' title="bbox 162 4105 723 4156; baseline 0.004 -2"><span class='ocrx_word' id='word_1_275' title='bbox 162 4105 255 4156; x_wconf 82' lang='lat' dir='ltr'><strong>faciam</strong></span> <span class='ocrx_word' id='word_1_276' title='bbox 275 4111 347 4155; x_wconf 91' lang='lat' dir='ltr'><strong>tuom</strong></span> <span class='ocrx_word' id='word_1_277' title='bbox 367 4121 417 4156; x_wconf 88' lang='lat' dir='ltr'><strong>non</strong></span> <span class='ocrx_word' id='word_1_278' title='bbox 438 4106 516 4155; x_wconf 90' lang='lat' dir='ltr'><strong>modo</strong></span> <span class='ocrx_word' id='word_1_279' title='bbox 536 4119 568 4155; x_wconf 89' lang='lat' dir='ltr'><strong>ne</strong></span> <span class='ocrx_word' id='word_1_280' title='bbox 587 4106 654 4154; x_wconf 90' lang='lat' dir='ltr'><strong>intro</strong></span> <span class='ocrx_word' id='word_1_281' title='bbox 673 4111 723 4156; x_wconf 86' lang='lat' dir='ltr'><strong>eat.</strong></span> 
     </span>
    </p>
   </div>
   <div class='ocr_carea' id='block_1_7' title="bbox 0 0 1395 4628">
    <p class='ocr_par' dir='ltr' id='par_1_8' title="bbox 0 0 1395 4628">
     <span class='ocr_line' id='line_1_36' title="bbox 0 0 1395 4628; baseline 0 0"><span class='ocrx_word' id='word_1_282' title='bbox 0 0 1395 4628; x_wconf 95' lang='lat' dir='ltr'><strong> </strong></span> 
     </span>
    </p>
   </div>
  </div>
 </body>
</html>
