2766 4628
668 259 709 323 47

155 441 244 503 notio
278 441 307 502 in
332 441 434 503 verbo
459 441 649 503 continetur:
687 453 778 517 390⁴:
812 461 908 523 quam
936 443 1074 505 maxime
1098 461 1224 505 conser-

154 556 230 609 vato
255 546 290 609 ef.
318 543 405 622 57,8.
423 559 470 622 17.
496 542 634 623 61,17.1)

263 686 298 771 3)
324 688 531 770 Coniungitur
547 708 617 750 cum
641 690 860 751 coniunctione
884 710 981 772 quom
1006 688 1112 764 38,18.
1136 702 1220 766 39,1.

156 796 194 858 cf.
218 795 274 876 frg.
301 807 408 870 37‚15.
432 802 485 856 aut
510 813 581 855 cunr
605 804 671 856 tum
696 804 782 871 975.

263 933 300 1014 4)
322 933 413 998 Idem
437 936 503 998 fere
527 937 613 998 valet
636 956 671 998 ac
695 938 864 1019 praecique
888 947 922 1000 ut
948 950 1033 1014 19,1:
1059 957 1130 999 eam
1155 956 1221 998 ma·

156 1043 241 1103 xime
265 1043 357 1104 serito
381 1043 416 1105 cl.
445 1055 526 1120 203.
539 1056 567 1118 5.
592 1045 700 1119 38,10.
724 1056 809 1120 45,5.

269 1215 435 1281 Minime.

276 1340 418 1405 Handius
429 1341 589 1407 contendit
601 1343 645 1406 ΙΙ.
656 1341 703 1405 ΙΙΙ
716 1342 816 1426 p.608
829 1364 907 1426 sqq,
922 1341 1006 1427 apud
1019 1345 1137 1427 priscos
1148 1345 1222 1406 scri-

156 1456 264 1529 ptores
278 1467 390 1511 vocem
400 1452 526 1512 minime
536 1470 708 1533 numquam
724 1452 902 1532 primariam
915 1469 1004 1511 suam
1016 1459 1047 1511 et
1061 1451 1221 1532 propriam

157 1552 414 1635 significationem
444 1558 572 1630 habere,
598 1576 659 1640 qua
684 1576 749 1618 non
773 1556 888 1618 tollitur
912 1576 971 1628 reS,
1003 1552 1058 1616 sed
1084 1557 1221 1618 maxime

156 1660 272 1740 exigua
304 1659 465 1741 indicatur,
500 1660 555 1724 sed
589 1682 715 1746 semper
743 1663 932 1735 translatam,
970 1681 1106 1743 quares
1130 1662 1221 1744 plane

156 1775 291 1846 negatur
325 1776 356 1828 et
390 1770 522 1831 reicitur.
570 1767 606 1830 In
641 1770 719 1831 libro
755 1766 794 1830 de
818 1790 851 1830 re
877 1768 988 1829 rustica
1018 1777 1124 1829 autem
1149 1787 1221 1830 cum

155 1872 284 1933 minime
320 1877 467 1936 omnibus
490 1896 555 1938 uno
590 1884 724 1958 excepto
750 1876 824 1937 locis
848 1894 920 1936 cum
947 1871 1099 1935 adverbio
1124 1893 1221 1957 quam

158 1979 359 2041 coniunctum
385 1991 498 2056 exstet,
522 1984 596 2066 quin
620 2004 743 2046 merum
767 1985 805 2045 sit
830 1981 1062 2062 superlativum,
1086 2000 1150 2043 non
1176 1990 1223 2042 est

158 2080 299 2146 dubium.
346 2083 386 2148 Et
412 2089 461 2150 vel
486 2110 551 2151 uno
575 2091 626 2153 illo
651 2091 731 2162 loco,
756 2110 852 2173 quem
877 2074 949 2162 dixi,
973 2086 1154 2170 superlativi
1177 2087 1222 2147 vis

157 2191 185 2252 ei
209 2192 299 2254 inest.
347 2193 390 2255 lbi
414 2197 497 2257 enirn
529 2207 589 2260 est:
629 2210 737 2272 tr,12:
773 2196 839 2271 „At
868 2215 908 2256 ex
940 2193 1083 2276 agricolis
1111 2201 1142 2254 et
1167 2193 1221 2254 viri

156 2297 313 2361 fortissimi
349 2310 380 2361 et
415 2303 527 2364 milites
559 2304 762 2366 strenuissimi
798 2305 982 2387 gignuntur,
1020 2300 1221 2383 maximeque

156 2405 225 2486 pius
249 2417 399 2487 quaestus
422 2409 700 2494 stabilissimusque
736 2411 939 2492 consequitur
962 2405 1154 2488 minimeque
1178 2407 1220 2467 in-

155 2508 293 2573 vidiosus
318 2513 508 2597 minimeque
533 2517 616 2580 male
633 2519 807 2600 cogitantes
842 2524 915 2576 sunt
943 2514 995 2596 qui
1015 2513 1043 2573 in
1061 2531 1102 2573 eo
1118 2508 1221 2573 studio

156 2619 300 2697 occupati
321 2623 424 2681 sunt.“
470 2620 541 2684 Non
567 2622 697 2686 dubium
722 2625 795 2686 mihi
820 2618 944 2683 videtur
967 2638 1047 2690 esse,
1073 2617 1148 2699 quin
1172 2618 1221 2678 hic

156 2723 284 2785 minime
320 2726 402 2787 male
427 2730 600 2811 cogitantes
624 2751 687 2793 non
713 2730 831 2792 valeat:
857 2727 910 2810 qui
934 2724 1026 2808 plane
1050 2742 1114 2785 non
1139 2722 1220 2784 male

156 2831 303 2912 cogitant,
338 2841 372 2893 ut
397 2831 539 2895 Handius
574 2831 779 2916 arbitratur,2)
816 2832 886 2898 sed:
922 2832 975 2914 qui
1005 2830 1106 2891 minus
1138 2829 1221 2892 male

156 2937 294 3018 cogitant
326 2959 421 3020 quam
457 2943 510 3020 qui
534 2943 622 3004 alteri
645 2944 789 3025 quaestui
812 2937 948 3004 student.
986 2933 1024 2998 In
1040 2935 1221 3018 fragmentis

157 3043 248 3105 unico
264 3042 346 3123 loco,
370 3066 435 3129 quo
455 3057 558 3110 exstat
573 3050 700 3112 minime
724 3049 888 3132 significat:
912 3045 1005 3126 plane
1025 3060 1104 3103 non:
1132 3052 1219 3116 253:
1296 3062 1299 3071 ·

156 3149 346 3215 Rhodiensis
367 3155 520 3232 superbos
540 3177 610 3218 esse
634 3158 729 3233 aiunt,
752 3156 782 3218 id
807 3157 1009 3223 obiectantes,
1034 3145 1121 3230 quod
1146 3149 1220 3208 mihi

157 3267 189 3318 et
213 3258 314 3321 liberis
350 3261 427 3322 meis
452 3263 579 3324 minime
603 3263 705 3324 velim.
742 3260 837 3344 Apud
862 3263 1004 3324 Plautum
1035 3254 1129 3336 longe
1154 3272 1219 3315 cre·

158 3366 292 3429 berrime
317 3369 348 3430 in
371 3370 530 3452 responsis
555 3371 688 3432 occurrit
712 3389 749 3431 ac
772 3366 846 3452 quid
870 3370 900 3430 in
924 3369 958 3429 iis
983 3361 1086 3428 valeat
1108 3369 1221 3423 nolum

157 3482 213 3534 est.
263 3473 345 3536 alibi
379 3475 566 3557 aliquotiens
601 3476 779 3560 superlativi
815 3477 860 3536 vis
896 3485 928 3536 et
962 3482 1045 3562 apud
1075 3485 1220 3548 Plautum

156 3587 188 3640 et
211 3577 295 3659 apud
319 3579 504 3644 Terentium
533 3583 640 3664 negari
670 3602 735 3643 non
759 3591 872 3661 potest.
919 3585 961 3647 Ut
985 3588 1030 3650 Pl.
1055 3591 1141 3671 Capt.
1165 3592 1220 3667 ΙΙΙ,

157 3697 270 3761 4,1()7;
296 3684 360 3747 Sed
383 3688 436 3749 ubi
460 3690 484 3750 is
507 3707 590 3750 nunc
614 3688 677 3749 est?
703 3689 788 3770 Heg:
816 3687 876 3751 Ubi
893 3712 955 3775 ego
970 3695 1109 3757 minume
1125 3706 1221 3779 atque

155 3878 368 3885 -ψ

263 3962 283 4033 1)
304 3967 335 4016 cl.
356 3968 440 4018 Hand.
460 3969 477 4018 l.
498 3969 514 4017 l.
534 3971 571 4019 ΙΙΙ
591 3987 615 4034 p.
635 3979 694 4029 592.

261 4051 282 4123 2)
302 4055 366 4106 tntu.
385 4073 410 4121 p.
430 4056 490 4109 on.
