2766 4628
611 265 653 326 43

206 437 274 501 Eo.

205 544 255 606 Eo
290 541 475 610 adverbium
510 547 569 610 loci
594 567 663 609 esse
696 557 809 628 potest
826 557 858 610 et
880 547 1034 610 ablativus
1058 566 1164 610 merus

97 651 294 732 pronominis
318 653 342 714 is
366 651 507 715 adverbii
530 674 662 717 munere
687 654 830 737 fungens,
876 654 955 716 Loci
978 649 1163 716 adverbium

97 756 145 818 his
168 756 243 818 locis
267 767 330 819 est:
360 771 440 834 12‚5.
467 773 549 837 20,3.
574 774 656 840 3r,1.
682 773 710 823 2.
742 773 789 821 ro.
821 773 866 837 io.
895 771 979 840 333.
1009 771 1055 834 13.
1080 771 1163 835 439.

97 863 184 939 non.
218 875 307 940 tm·
336 865 384 928 16.
420 868 504 943 48,1.
538 879 622 943 51,4.
646 867 675 930 ὁ.
703 867 732 930 8.
757 881 787 945 9.
819 868 930 943 6414.
966 865 1050 941 o5‚6.
1088 864 1165 940 67‚6

99 979 207 1044 70,13.
245 981 350 1048 73,11.
387 983 494 1048 7412.
520 973 605 1048 80,1.
630 974 714 1052 846·
738 983 847 1050 95,13·
872 973 981 1050 98‚11.
1005 986 1088 1051 999·
1118 983 1164 1046 17·

104 1087 204 1154 103‚5.
233 1089 280 1153 13.
312 1089 416 1156 104,1.
447 1079 493 1142 16.
525 1090 625 1155 105,7.
651 1076 723 1161 (bis)
747 1093 776 1155 9.
823 1079 895 1142 Huc
914 1080 1047 1163 pertinet
1070 1079 1164 1140 etiam

98 1193 186 1259 359:
218 1203 259 1245 eo
284 1186 398 1268 sumpti
422 1205 502 1268 opus
526 1196 574 1249 est
597 1186 650 1249 HS
672 1185 742 1261 LX,
767 1186 818 1248 ubi
844 1205 883 1248 eo
905 1183 1092 1248 vertendum
1117 1193 1165 1246 est
1279 1235 1280 1239 ,

98 1285 188 1350 dazu.
238 1289 390 1353 Conferas
426 1312 563 1375 quaeso:
606 1294 690 1372 19‚8:
721 1302 754 1354 et
776 1293 934 1367 materies
966 1293 1058 1372 siquo
1082 1309 1164 1374 opus

97 1397 144 1473 sit,
167 1405 275 1476 parata
294 1399 359 1459 erit.

205 1503 345 1566 Ablativi
369 1506 416 1566 vis
432 1507 596 1568 manifesta
613 1515 660 1568 est
681 1525 751 1567 cum
769 1525 809 1566 eo
825 1503 977 1588 significet
993 1501 1164 1585 deswegen

98 1617 133 1670 ut
161 1621 269 1688 19,12:
288 1626 371 1673 'non
400 1613 546 1674 convenit
574 1608 818 1673 harundinetum
850 1631 920 1672 cum
955 1608 1090 1674 corruda
1122 1630 1163 1672 eo

97 1716 171 1797 quia
194 1714 316 1780 foditur.
342 1730 436 1794 43,ss
461 1719 543 1780 cicer
566 1714 788 1800 quod=vellitur
801 1726 832 1778 et
855 1715 942 1800 quod
963 1717 1080 1779 salsum
1105 1727 1162 1790 est,

98 1839 139 1883 eo
162 1823 280 1885 malum
305 1832 362 1885 est.

203 1929 288 2012 Jam.

204 2037 273 2120 Jam
309 2056 484 2119 numquam
519 2038 549 2098 in
581 2036 659 2098 libro
695 2034 735 2098 de
768 2056 792 2097 r.
817 2055 840 2096 r.
872 2034 1022 2117 significat
1054 2036 1164 2115 sehon,

97 2139 223 2203 bereits
272 2142 328 2204 His
356 2145 446 2204 enim
479 2152 581 2205 exstat
614 2143 703 2204 locis:
740 2155 832 2219 419:
869 2150 901 2202 et
930 2161 1012 2224 quae
1041 2143 1102 2204 iam
1131 2143 1162 2205 in

97 2247 259 2328 iperticam
284 2248 338 2311 ibit
368 2250 435 2311 eius
457 2251 623 2332 pampinos
647 2260 775 2311 teneros
804 2247 938 2331 alligato.
974 2249 1086 2327 78,12:
1111 2250 1165 2310 ubi

96 2373 148 2415 am
172 2373 268 2435 passa
291 2358 350 2417 erit
375 2354 512 2433 (musta)
535 2364 663 2418 servato
679 2352 719 2417 ad
738 2351 937 2416 vindemiam.
967 2355 1073 2431 108‚7:
1089 2363 1164 2437 post

100 2480 201 2522 anuos
227 2458 308 2522 VIII
343 2473 397 2524 aut
431 2482 550 2525 novem
575 2481 646 2523 cum
671 2463 732 2523 iarn
767 2470 815 2523 est
839 2470 930 2522 vetus
955 2457 1163 2542 (asparagus.)

101 2564 241 2648 digerite.
271 2581 380 2645 109,1:
405 2569 456 2630 ubi
481 2569 543 2630 iam
567 2587 678 2629 omues
702 2569 920 2651 composueris
948 2564 1014 2627 sale
1038 2566 1165 2650 iusuper

100 2675 209 2737 obrue.
238 2687 346 2751 109‚2:
371 2675 423 2736 ubi
446 2675 507 2736 iam
531 2671 596 2735 dies
609 2675 747 2756 quinque
760 2674 791 2735 in
807 2673 872 2735 sale
888 2672 1010 2746 fuerint,
1035 2673 1164 2735 eximito

101 2783 212 2843 omnis.
260 2782 386 2861 Quibus
410 2782 555 2843 omnibus
579 2781 655 2842 locis
678 2789 798 2843 certum
827 2780 978 2862 temporis
1001 2789 1163 2862 punctum,

100 2887 131 2947 in
156 2903 220 2966 quo
244 2884 358 2969 aliquid
383 2885 416 2947 tit
440 2896 493 2949 aut
508 2886 684 2948 factumest
701 2883 850 2969 designat,
873 2887 913 2948 ita
926 2895 961 2948 ut
977 2883 1165 2948 vertendum

99 2993 137 3054 sit
161 2993 252 3071 eben,
276 2989 403 3074 gerade.
451 2990 695 3055 Aninradvertas
718 3013 851 3076 quaeso,
875 2992 993 3074 ubique
1018 2992 1078 3054 iam
1099 3011 1165 3053 uno

101 3108 238 3182 excepto
263 3099 333 3161 loco
351 3119 423 3160 cum
440 3100 712 3162 coniunctionibus
727 3101 781 3162 ubi
796 3109 851 3162 aut
867 3119 939 3161 curn
955 3099 1164 3178 compositum

100 3226 180 3268 esse.
227 3204 339 3287 Neque
374 3205 506 3268 alienam
540 3226 610 3268 esse
635 3226 706 3267 eam
740 3205 999 3288 significationem
1023 3225 1040 3265 a
1064 3205 1165 3286 prisca

100 3313 241 3375 oratione
265 3313 312 3375 his
336 3313 535 3394 cognoscitur
567 3311 738 3395 exemplis:
776 3312 820 3374 Pl.
846 3313 938 3374 Cure.
962 3309 1042 3383 orto:
1072 3307 1165 3372 Post·

100 3438 196 3501 quam
228 3418 280 3481 illo
315 3427 485 3493 ventumst,
518 3420 579 3480 iam
615 3428 649 3479 ut
684 3440 735 3480 me
759 3419 989 3492 conlocauerat,
1014 3417 1166 3480 Exoritur

98 3534 213 3587 ventus
242 3528 346 3589 turbo.
392 3526 466 3588 Ter.
491 3527 569 3589 Hec.
594 3526 672 3603 378:
708 3528 770 3588 iam
794 3536 828 3586 ut
851 3525 945 3587 limen
973 3524 1101 3597 exirem,
1126 3522 1164 3587 ad

99 3652 203 3712 genua
238 3630 359 3696 accidit.
407 3632 516 3714 Atque
551 3630 686 3696 eandem
722 3634 786 3695 vim
810 3630 962 3715 particula
984 3631 1046 3693 iam
1069 3631 1165 3692 habet

65 3821 70 3829 ἱ
97 3740 129 3800 in
169 3740 399 3820 compositione
440 3741 601 3818 nunciam,
641 3759 724 3821 quae
758 3739 907 3821 frequens
943 3745 1046 3800 exstat
1080 3733 1164 3820 apud

97 3841 255 3908 Plautum.

207 3950 279 4014 Ita.

208 4057 407 4121 Creberrime
442 4060 484 4121 ita
519 4061 549 4120 in
584 4059 733 4142 principio
768 4058 1002 4121 enuntiatorum
1025 4057 1163 4137 positum
