2766 4628
723 269 768 330 44

217 454 265 508 est
289 445 330 506 ita
353 454 388 507 ut
412 442 494 508 idem
519 446 584 509 tere
608 447 646 508 sit
658 467 695 510 ac
707 456 828 528 postea,
853 445 974 510 deinde.
1021 447 1185 513 Eiusmodi
1210 447 1282 513 dico

216 554 377 615 enuntiata
398 561 434 614 ut
457 552 570 629 6415:
600 555 706 616 omnia
735 573 798 617 una
820 555 1010 638 permisceto
1033 555 1126 618 bene.
1172 557 1213 618 ita
1237 557 1281 619 in·

217 659 309 741 sipito
342 660 372 721 in
396 657 499 721 auiam
524 679 651 722 novam.
699 670 755 723 aut
776 660 889 736 48,20:
920 663 1049 724 scrobes
1079 662 1173 726 tacito
1201 662 1283 727 altos

216 761 254 827 P.
279 765 320 828 tu
343 766 373 845 S,
395 765 475 827 latos
499 765 532 827 P.
551 764 608 828 iiii
631 776 663 828 et
685 767 778 829 facito
801 764 842 828 de
864 768 978 831 scrobe
1001 787 1084 850 aqua
1106 769 1137 830 in
1160 768 1282 832 sulcum

217 868 345 935 defluat.
392 873 434 933 ita
461 872 549 935 oieas
572 873 676 936 serito.
723 873 819 936 Item:
849 885 935 950 543.
968 873 1119 950 62,9.17.
1148 873 1281 952 63,1.8.

215 973 287 1056 (bis)
311 978 487 1054 64,12.16.
523 994 609 1058 77,7.
639 993 764 1056 ror,13.
799 979 989 1055 104,16.20.
1021 980 1169 1059 108,5.9.
1215 980 1283 1046 Nos

219 1103 351 1167 quoque
376 1088 533 1151 vocabulo
558 1109 594 1151 so
618 1090 694 1150 item
717 1088 834 1149 utimur
857 1087 888 1149 in
912 1087 1030 1169 vulgari
1054 1107 1218 1164 sermone,
1240 1090 1283 1152 ita

218 1200 253 1252 ut
277 1192 413 1253 breviter
436 1190 553 1256 dictum
576 1195 615 1256 sit
637 1214 710 1278 pro:
730 1195 755 1255 si
778 1194 857 1255 haec
880 1193 922 1254 ita
945 1193 1129 1257 factasunt.

325 1297 471 1380 Vulgaris
498 1301 592 1362 etiam
616 1300 771 1363 sermonis
794 1299 955 1381 proprium
979 1296 1123 1362 Handius
1146 1299 1165 1361 i.
1189 1300 1209 1364 i.
1232 1300 1282 1377 111,

216 1422 245 1485 p.
269 1415 336 1478 470
375 1424 445 1466 esse
481 1406 646 1484 existimat,
680 1402 765 1489 quod
801 1406 842 1466 ita
873 1405 919 1465 bis
946 1406 1083 1488 positum
1106 1407 1144 1469 sit
1168 1419 1280 1488 90,14:

216 1508 319 1571 scalae
339 1511 379 1572 ita
404 1511 446 1573 uti
470 1508 565 1574 datae
590 1521 692 1587 erunt,
717 1514 760 1574 ita
783 1509 914 1573 reddito
962 1509 1025 1574 Pro
1048 1512 1149 1576 altero
1172 1514 1215 1578 ita
1238 1515 1281 1576 in-

217 1617 361 1678 venimus
384 1619 472 1679 item:
498 1631 587 1694 77‚2:
613 1629 720 1682 cetera
743 1619 816 1681 item
842 1614 979 1692 condito,
1003 1619 1045 1680 ita
1068 1620 1112 1680 uti
1131 1621 1281 1701 scriptum

216 1733 274 1785 est.
322 1736 409 1803 933:
446 1745 568 1808 proque
604 1746 641 1787 ea
676 1747 712 1788 re
733 1727 775 1789 ita
796 1725 840 1787 uti
865 1725 895 1786 S.
919 1725 949 1786 S.
974 1725 1012 1788 E.
1059 1726 1134 1787 item
1158 1727 1282 1809 pignori

217 1839 322 1892 sunto,

323 1938 469 2021 Denique
492 1936 628 2018 adnot0,
658 1935 844 2000 adverbium
877 1938 918 1999 ita
941 1955 1066 2017 semper
1088 1933 1128 1998 ad
1152 1957 1280 2019 praece·

218 2040 325 2106 dentia
349 2043 480 2106 relatum
505 2065 575 2107 esse
600 2054 631 2107 et
654 2054 803 2128 quattuor
827 2052 947 2106 tanturn
971 2043 1047 2106 locis
1061 2040 1101 2105 ad
1114 2048 1281 2126 sequentia

221 2150 304 2224 ino.
324 2163 353 2227 9.
394 2150 479 2228 eqo.
515 2164 621 2230 59,17.
660 2151 697 2214 ct.
728 2152 785 2234 ng.
818 2163 900 2228 roo.
937 2162 1020 2228 243.
1081 2148 1282 2214 Adverbium

215 2266 328 2318 contra
351 2258 401 2335 sic,
437 2254 523 2339 quod
548 2260 707 2340 octoginta
731 2260 870 2339 quinque
893 2256 968 2318 locis
991 2257 1134 2336 occurrit,
1168 2267 1281 2341 quater

216 2358 255 2424 ad
279 2359 499 2445 praecedentia
521 2373 648 2444 spectat.

322 2468 394 2544 Ibi,
420 2467 573 2532 ibidem.

322 2575 373 2638 De
408 2578 479 2639 loco
514 2587 635 2640 tantum
673 2584 872 2658 usurpantur.
931 2572 1011 2637 Nihil
1049 2575 1153 2637 habeo
1192 2574 1279 2660 quod

215 2701 481 2758 commemorem,
505 2685 561 2746 nisi
584 2680 670 2766 quod
694 2683 735 2745 ibi
758 2683 882 2766 saepius
906 2681 1098 2764 pleonastice
1120 2679 1280 2746 adiectum

216 2808 299 2850 esse:
327 2801 414 2864 22‚5:
440 2788 554 2852 Salicta
577 2790 652 2851 locis
664 2790 800 2871 aquosis,
823 2789 955 2850 umectis
972 2788 1129 2851 umbrosis
1148 2800 1280 2872 propter

216 2911 335 2974 amnes,
360 2895 400 2956 ibi
412 2895 475 2956 seri
489 2904 624 2978 oportet.
648 2896 754 2974 ὀψο.
779 2902 891 2976 postea
914 2896 944 2957 in
966 2895 1072 2959 tabula
1094 2913 1171 2975 pura
1195 2916 1279 2979 quae

215 3008 321 3083 pateat
345 2997 424 3061 Ρ.Ι
459 3001 500 3063 ibi
534 3002 671 3065 balteum
704 3002 823 3085 ponito.
871 3002 907 3064 ci.
944 3001 990 3064 Pi.
1014 3001 1104 3062 Cure.
1128 3013 1207 3079 475:
1244 3003 1279 3066 In

215 3105 285 3167 soro
309 3104 428 3169 intumo
453 3109 528 3171 boni
551 3111 696 3172 homines
711 3118 807 3192 atque
824 3105 903 3171 dites
920 3107 1088 3186 ambulant,
1111 3104 1149 3170 In
1172 3106 1279 3172 medio

213 3222 343 3296 propter
366 3215 507 3278 canalem
531 3217 571 3279 ibi
595 3225 807 3280 ostentatores
826 3216 914 3278 meri.
948 3213 1146 3277 Remissioris
1162 3210 1193 3276 id
1208 3234 1280 3278 esse

211 3322 367 3383 sermonis
390 3323 536 3386 arbitror.

322 3427 681 3508 inpraesentiarum.

320 3531 463 3596 Handius
487 3534 504 3596 l.
528 3536 546 3598 l.
571 3536 614 3599 [li
637 3557 666 3619 p.
684 3547 762 3611 235:
790 3533 917 3615 „Atqui
941 3533 1048 3616 inquit,
1073 3535 1175 3596 omnis
1200 3535 1279 3599 haec

214 3642 357 3720 quaestio
394 3637 445 3717 (de
472 3640 696 3724 significatione
720 3651 752 3703 et
776 3640 951 3724 veriloquio
975 3641 1064 3702 vocis
1087 3642 1280 3724 impraesen-

214 3743 346 3824 tiarum)
369 3747 467 3808 inanis
491 3768 562 3810 esse
586 3746 718 3823 videtur,
743 3745 895 3831 siquidem
909 3747 1074 3830 Scioppius
1097 3748 1129 3810 in
1152 3745 1214 3810 lud.
1239 3745 1279 3809 de

214 3853 284 3914 stilo
300 3853 406 3915 histor.
423 3874 452 3936 p.
475 3853 534 3916 118
558 3863 590 3916 et
614 3854 764 3918 Graevius
787 3851 827 3916 ad
852 3854 965 3916 rhetor.
990 3851 1029 3916 ad
1045 3853 1186 3917 Herenn.
1204 3865 1274 3933 2‚11
1303 3834 1308 3843 ’

213 3968 298 4020 recte
322 3956 540 4039 iudicaverint,
575 3960 768 4024 locutionem
803 3963 883 4024 hanc
917 3962 974 4023 toti
997 3963 1171 4044 antiquitati
1193 3961 1278 4022 inco·

214 4066 331 4148 gnitam
356 4066 396 4129 ab
409 4066 578 4149 interprete
595 4066 690 4131 latino
714 4087 876 4131 sacrorum
901 4067 1056 4131 librorum
1079 4089 1149 4133 esse
1172 4066 1277 4130 fictam
