2766 4628
657 239 697 298 52

250 412 305 474 Et.
322 411 362 473 Et
378 414 557 496 saepissime
581 435 645 478 non
664 413 760 479 modo
776 416 875 478 rerba
897 416 1017 498 singula
1034 429 1087 480 aut
1100 430 1209 501 partes

144 520 318 580 sententiae
344 517 472 581 alicuius
500 521 625 600 copulat
656 522 712 584 sed
741 524 834 584 etiam
863 524 1033 585 sententias
1062 525 1144 604 ipsas
1174 538 1208 592 ut

149 628 227 706 11‚8.
258 640 338 702 12,5.
363 627 438 704 om
462 628 629 710 multisque
656 628 721 690 aliis
745 627 828 703 locis,
859 625 889 690 id
913 625 1000 713 quod
1022 628 1095 692 iure
1120 632 1208 696 Han-

143 731 211 796 dius
235 733 251 795 l.
275 733 295 797 l.
317 731 350 794 Π
373 755 402 818 p.
428 734 492 811 487
522 736 675 798 sermonis
706 736 908 818 antiquissimi
936 733 1079 798 nondum
1102 740 1206 821 aptius

142 842 305 921 compositi
329 841 495 923 proprium
518 861 588 902 esse
611 838 734 902 iudicat.

249 945 432 1010 Postremae
456 957 576 1009 tantum
601 946 794 1028 conplurium
815 949 990 1011 sententiae
1013 950 1147 1028 partium
1173 961 1205 1014 et

141 1074 205 1116 non
229 1050 301 1115 addi
325 1052 429 1114 solere
462 1072 532 1114 curn
557 1052 696 1135 vulgaris
730 1055 768 1115 sit
799 1054 917 1136 regula,
950 1051 1101 1118 adversus
1131 1077 1203 1120 eam

140 1179 381 1242 nonnumquam
413 1155 496 1242 apud
526 1158 681 1222 Catonem
717 1157 747 1220 id
779 1160 844 1222 fieri
880 1162 1028 1243 cognosci
1062 1161 1133 1224 licet
1169 1175 1203 1228 ut

146 1278 276 1341 105,12:
301 1284 341 1327 eo
365 1261 451 1327 adito
475 1266 630 1328 brassicae
651 1265 800 1327 coliculos
824 1263 913 1345 tlUOS,
937 1267 1029 1330 betae
1053 1269 1203 1334 coliculos

140 1370 221 1434 duos
244 1392 315 1434 cum
339 1369 443 1434 radice
466 1390 534 1446 sua,
558 1371 699 1434 feliculae
718 1370 847 1452 pullum,
873 1373 991 1435 herbae
1008 1379 1202 1440 mercurialis

139 1499 203 1541 non
237 1477 379 1551 multum,
416 1478 598 1540 mitulorum
620 1475 659 1556 Il,
693 1480 810 1560 piscem
840 1480 1016 1559 capitonem
1053 1492 1084 1544 ct
1114 1503 1200 1547 scor·

138 1585 266 1668 pionem
298 1582 323 1659 I,
356 1583 501 1646 cochleas
533 1605 591 1647 sex
623 1594 659 1646 et
694 1584 783 1647 lentis
815 1585 973 1667 pugillum.
1000 1599 1090 1664 97,5:
1126 1609 1200 1653 cum

138 1691 247 1774 pluere
278 1692 401 1773 incipiet
430 1693 575 1756 familiam
600 1739 606 1752 .
631 1741 637 1754 .
665 1740 671 1755 .
697 1693 782 1753 exire
807 1701 942 1771 oportet,
965 1692 1062 1756 incilia
1077 1697 1200 1778 aperire

139 1818 257 1882 aquam
281 1796 429 1862 diducere
458 1802 487 1862 in
522 1802 588 1863 vias
617 1809 648 1862 et
681 1809 822 1880 segetem
854 1818 964 1860 curare
999 1809 1122 1882 opertet
1155 1804 1199 1864 uti

137 1904 214 1966 fluat
238 1905 274 1967 cl.
301 1918 408 1981 51‚17.
440 1920 487 1980 15.
520 1918 620 1982 13,t2.
652 1907 700 1968 Ex
724 1904 835 1967 Plauto
852 1903 1013 1986 Ussingius
1036 1903 1086 1968 ad.
1111 1906 1199 1971 Asin.

139 2031 166 2072 v.
190 2011 256 2087 564
280 2013 377 2076 multa
394 2011 548 2077 eiusmodi
571 2013 717 2096 exempla
732 2009 823 2074 affert
846 2020 880 2072 ut
904 2011 993 2094 Capt.
1024 2023 1100 2087 134:
1126 2012 1198 2096 Ego

136 2119 188 2199 qui
211 2131 268 2181 tuo
292 2141 439 2183 maerore
455 2140 609 2200 maceror,
633 2138 777 2182 macesco
794 2137 988 2181 consenesco
1013 2128 1043 2179 et
1067 2119 1197 2183 tabesco

135 2225 237 2286 miser.
261 2225 298 2287 ct.
329 2226 388 2287 llil.
424 2225 516 2288 1126.
565 2223 678 2288 Pseud.
702 2240 755 2301 44.
780 2238 855 2302 979.
892 2225 986 2286 Truc.
1011 2235 1085 2301 477.
1121 2225 1196 2288 Ter.

135 2329 250 2392 Heaut.
272 2331 347 2406 526.
371 2333 447 2409 893.
471 2332 562 2394 Lucr.
586 2330 644 2411 IV,
668 2343 741 2409 229.

241 2439 309 2500 Dici
333 2448 365 2502 et
398 2459 456 2520 pro
490 2440 593 2514 etiam,
628 2435 657 2500 id
690 2435 777 2521 quod
812 2434 896 2520 apud
928 2436 1074 2500 Plautum
1110 2437 1195 2502 haud

135 2565 205 2609 raro
234 2545 300 2608 fieri
328 2541 484 2624 constat,¹)
513 2546 640 2609 Catonis
668 2546 751 2606 libris
780 2546 832 2605 vix
854 2545 1047 2627 ¹conprobari
1079 2554 1191 2629 potest.

135 2648 225 2725 Quae
249 2653 332 2714 enim
355 2649 464 2714 laudat
492 2652 638 2735 exempla
663 2651 804 2714 Holtzius
828 2650 844 2712 l.
869 2670 895 2712 c.
925 2651 985 2712 huc
1013 2670 1078 2714 non
1101 2655 1193 2732 perti-

134 2766 217 2835 nent,
239 2777 311 2818 cum
336 2757 468 2819 alterurn
485 2759 561 2821 talsa
584 2759 718 2820 lectione
735 2759 858 2832 nitatur,
884 2756 1014 2819 alterum
1031 2778 1050 2820 a
1068 2758 1194 2822 Holtzio

132 2863 211 2926 falso
234 2865 271 2926 sit
295 2865 494 2947 explicatum.
542 2864 599 2926 Est
622 2864 705 2925 enim
720 2875 813 2940 99,7:
838 2871 950 2942 postea
972 2864 1069 2926 salem
1086 2861 1193 2927 addito

132 2981 162 3032 et
187 2971 300 3032 cumini
323 2971 451 3050 paulum
475 2980 507 3033 et
530 2969 680 3054 pollinem
707 2968 856 3049 polentae
883 2967 997 3030 eodem
1025 2967 1132 3034 addito
1156 2982 1194 3034 et

132 3081 244 3144 oleum.
302 3080 374 3141 Hoc
408 3088 602 3160 postremum
641 3084 673 3137 et
711 3072 795 3136 idem
830 3075 936 3138 valere
971 3087 1066 3160 atque
1097 3080 1192 3142 etiam

131 3205 347 3212 ———..-.-.-

134 3241 181 3297 „ln
201 3241 268 3289 allen
288 3239 373 3288 diesen
393 3239 483 3287 Satzen
504 3237 547 3286 hat
566 3242 640 3299 atque
661 3233 788 3284 durchans
807 3235 875 3283 scine
889 3234 1038 3299 eigentliche
1056 3241 1194 3303 ursprtlng-

135 3330 200 3378 lrche
218 3329 368 3390 Bedeutung
382 3326 508 3382 bewahrt,
529 3341 554 3372 es
574 3323 705 3372 verbindet
725 3321 826 3371 einfach
842 3325 908 3373 zwei
923 3325 1098 3388 Gegensta'nde
1117 3327 1194 3377 deren

133 3416 236 3466 Gleiclr·
262 3417 325 3465 oder
349 3414 461 3464 Anders-
483 3413 536 3462 sein
561 3413 627 3461 dann
651 3411 732 3460 durch
753 3427 840 3476 aeque,
864 3429 920 3478 par.
943 3414 1042 3477 pariter,
1062 3413 1130 3463 idem
1150 3416 1193 3466 od.

133 3506 200 3553 alius
229 3505 310 3554 nither
342 3503 492 3553 bezeichnet
519 3503 580 3559 ’Μ’
607 3500 631 3549 id
660 3498 764 3564 quidem
798 3500 991 3563 quodammodo
1019 3509 1118 3552 rectum
1146 3511 1189 3562 est,

131 3599 209 3657 atquc
236 3593 272 3641 ita
299 3591 426 3657 explicari
450 3598 535 3656 potest
555 3592 596 3655 qui
622 3588 716 3637 lactum
736 3587 769 3636 sit
794 3596 820 3637 ut
840 3591 964 3652 particula
984 3598 1060 3654 atque
1079 3594 1103 3641 ln
1123 3592 1191 3642 eius·

133 3681 204 3731 modi
237 3683 373 3730 enuntiatis
407 3683 582 3730 adhiberetur.
624 3677 722 3726 Tamen
751 3695 782 3728 ex
808 3681 945 3728 verborum
970 3681 1140 3730 collocatione
1165 3689 1190 3731 et

134 3773 202 3837 apud
227 3770 349 3824 Catonem
374 3779 398 3819 et
422 3771 491 3833 apud
517 3770 636 3818 Plautum
663 3776 778 3832 apparet,
808 3775 885 3831 atque
907 3769 951 3817 illa
977 3775 1062 3818 aetate
1082 3771 1105 3818 in
1126 3771 1191 3820 eius·

134 3862 205 3912 modi
223 3860 356 3912 sententiis
375 3876 425 3910 non
450 3865 478 3907 ut
501 3853 654 3922 particulam
680 3857 854 3920 copulativam
878 3857 922 3906 sed
942 3863 968 3906 ut
989 3858 1191 3922 comparativam

131 3953 266 4015 cogitatam
287 3966 348 3999 esse.

235 4040 258 4106 ¹)
278 4040 309 4090 cf.
328 4039 420 4114 Holtze
439 4038 455 4087 l.
476 4038 492 4086 l.
511 4037 536 4088 ll
555 4053 580 4101 p.
600 4043 659 4093 329.
678 4053 715 4100 sq.
