2766 4628
625 263 666 324 33

112 440 202 525 Epid.
233 455 303 519 191.
350 440 430 504 Nam
464 461 526 522 ego
561 440 645 502 illum
685 436 788 503 audivi
824 443 853 503 in
877 461 1021 503 amorem
1045 441 1178 506 haerere

112 548 198 634 apud
221 549 327 611 nescio
351 566 446 630 quam
470 543 634 610 fidicinam.

220 655 298 719 Coel
323 671 371 734 ap.
386 651 462 715 Gell.
475 651 517 730 X,
543 654 631 730 246:
656 650 718 735 (ed.
736 648 855 735 Hertz.)
881 650 1039 737 diequinti
1053 653 1179 718 Romae

114 765 143 825 in
168 762 354 844 Capitolium
380 762 498 821 curabo
522 759 576 821 tibi
600 779 679 822 cena
701 761 739 822 sit
763 768 859 821 cocta.

165 916 169 921 .
221 864 346 931 Deinde
371 867 431 928 huc
454 867 611 950 pertinent
633 865 788 928 formulae
812 866 891 944 illae,
914 885 997 949 quae
1021 865 1072 926 vel
1096 864 1179 949 apud

10 984 14 993 ’
114 974 260 1038 classicos
283 973 339 1055 qui
370 970 514 1035 dicuntur
537 973 736 1035 inveniuntur
755 981 806 1033 ut:
835 972 866 1033 in
895 980 1087 1054 potestatem
1110 992 1185 1048 esse

115 1081 161 1158 (cl.
192 1080 255 1142 Cic.
285 1079 378 1142 Verr.
404 1080 444 1155 V,
479 1076 547 1159 38.)
581 1080 612 1140 iu
657 1079 822 1141 amicitiam
858 1075 1078 1162 dicionemque
1110 1100 1181 1141 esse

117 1187 179 1249 Cic.
210 1183 270 1247 div.
299 1186 329 1247 iu
359 1186 452 1248 Caec.
484 1204 529 1265 cp.
555 1197 598 1247 20
630 1183 663 1263 (ἓ
687 1182 766 1264 (ab),
802 1184 835 1246 in
854 1181 1029 1247 custodiam
1053 1186 1181 1262 habere,
1294 1170 1295 1174 ¹

116 1295 145 1355 in
178 1300 368 1375 potestatem
410 1292 543 1366 habere,
584 1293 614 1352 in
650 1288 866 1355 vadimonium
901 1312 972 1353 esse
1010 1286 1087 1372 (Cic.
1123 1313 1181 1375 pro

117 1399 241 1480 Quinct.
266 1410 286 1472 5
313 1396 331 1476 ᾗ
357 1395 423 1476 22.)

224 1504 403 1566 Memoratu
439 1500 534 1584 digna
565 1511 637 1565 sunt
671 1523 752 1586 quae
776 1503 891 1565 Gellius
915 1503 937 1583 Ι,
963 1503 1038 1578 7,16
1062 1501 1101 1566 de
1125 1507 1184 1569 hac

119 1612 352 1674 constructione
377 1607 514 1671 disserit:
540 1607 650 1683 „Idem
674 1620 779 1672 autem
804 1609 853 1671 ille
876 1611 994 1672 amicus
1023 1620 1131 1673 noster
1154 1614 1185 1674 in

119 1713 260 1780 eiusdem
298 1714 340 1778 M.
374 1714 467 1776 Tullii
502 1716 655 1789 oratione,
689 1735 770 1797 quae
802 1726 849 1778 est
882 1714 921 1777 de
960 1718 1091 1800 imperio
1126 1717 1183 1781 Cn.

120 1821 265 1906 Pompei,
302 1823 344 1883 ita
367 1823 515 1902 scriptum
541 1841 611 1884 esse
634 1842 654 1883 a
678 1822 831 1884 Cicerone
857 1818 979 1885 dicebat
1003 1831 1096 1905 atque
1120 1826 1186 1904 ipse

121 1933 162 1993 ita
184 1929 357 1991 lectitabat:
383 1926 487 2001 „Cum
511 1937 633 1990 vestros
648 1938 758 2009 portus
774 1938 869 2011 atque
882 1948 939 1991 eos
951 1939 1061 2011 portus
1074 1931 1186 2013 quibus

120 2037 216 2099 vitam
240 2054 276 2096 ac
300 2034 441 2117 spiritum
467 2030 584 2108 ducitis,
609 2036 638 2096 in
661 2031 860 2117 praedonum
884 2035 978 2096 luisse
993 2044 1185 2116 potestatem

121 2143 243 2204 sciatis“
276 2159 382 2223 neque
419 2137 642 2202 soloecismum
673 2161 742 2202 esse
778 2142 881 2202 aiebat
911 2142 962 2215 „in
995 2150 1185 2224 potestatem

122 2250 237 2312 luisse“
271 2255 305 2308 ut
338 2246 452 2327 vulgus
475 2243 683 2308 semidoctum
707 2257 804 2328 putat,
837 2244 892 2309 sed
921 2249 1077 2310 rationem
1101 2245 1186 2311 dictu

122 2364 241 2418 certam
265 2364 297 2415 et
312 2353 446 2436 probam
464 2349 685 2428 contendebat,
710 2374 772 2437 qua
792 2362 823 2414 et
840 2355 950 2416 Graeci
967 2356 1007 2416 ita
1024 2364 1188 2418 uterentur

123 2469 155 2522 et
189 2461 317 2523 Plautus
352 2458 523 2520 verborum
557 2459 742 2523 Latinorum
776 2460 1026 2544 elegantissimus
1055 2463 1085 2523 in
1109 2461 1187 2524 Am-

123 2570 291 2653 phitruone
315 2563 403 2626 dixit:
428 2563 570 2627 Numero
594 2568 667 2630 mihi
692 2569 721 2630 in
745 2576 886 2629 mentem
902 2567 966 2644 fuit,
991 2588 1055 2629 non
1080 2577 1115 2628 ut
1131 2566 1189 2630 dici

125 2674 252 2738 solitum
288 2681 335 2735 est
364 2673 395 2733 in
419 2680 534 2733 mente.
581 2670 642 2734 Sed
667 2675 750 2736 enim
775 2683 898 2755 praeter
922 2671 1079 2747 Plautum,
1104 2675 1190 2735 cuius

127 2781 178 2844 illo
212 2783 242 2843 in
267 2798 415 2863 praesens
449 2777 598 2860 exemplo
623 2799 697 2842 usus
721 2790 778 2854 est,
814 2779 945 2842 multam
974 2800 1032 2842 nos
1061 2799 1190 2862 quoque

126 2885 210 2972 apud
245 2896 371 2949 veteres
395 2885 562 2967 scriptores
597 2885 792 2948 locutionum
815 2887 922 2949 talium
947 2888 1070 2970 copiam
1094 2885 1192 2949 offen·

127 2991 228 3056 dimus
251 3003 348 3076 atque
372 2993 419 3053 his
443 2990 540 3072 vulgo
564 2995 795 3054 annotamentis
825 2992 1061 3076 inspersirnus“
1108 2993 1192 3056 Tum

130 3101 315 3163 Ciceronem
340 3100 369 3161 iu
394 3106 583 3180 potestatem
619 3097 732 3161 dixisse
756 3103 897 3181 exponit,
921 3096 1008 3181 quod
1032 3096 1061 3160 id
1086 3101 1192 3162 iucun-

129 3204 196 3268 dius
229 3204 267 3268 ad
293 3227 403 3270 aurem
427 3206 677 3287 completiusque
711 3207 757 3268 sit.
805 3205 874 3268 Tali
899 3204 1107 3288 explicatione
1134 3227 1194 3269 nos

133 3312 274 3376 satisfieri
298 3334 363 3376 non
387 3334 481 3396 posse
505 3314 535 3373 in
558 3321 705 3392 promptu
730 3321 786 3373 est.
811 3313 840 3374 Si
855 3311 1071 3394 Reisigiusll.
1086 3332 1116 3395 p.
1130 3313 1195 3388 718

129 3422 344 3483 accusativum
385 3417 504 3494 „durch
543 3415 592 3479 die
626 3418 831 3500 Vorstellung
866 3419 952 3480 einer
975 3415 1109 3482 ideellen
1136 3422 1196 3484 Be-

132 3547 271 3610 wegung
296 3524 324 3588 d.
352 3527 370 3589 i.
395 3527 482 3587 einer
505 3524 644 3604 solchen,
667 3522 717 3586 die
741 3545 800 3586 nur
824 3522 879 3586 der
904 3523 1058 3588 Gerlanke
1086 3528 1198 3590 nimmt

131 3633 182 3694 bei
215 3629 271 3693 der
304 3629 519 3713 Betrachtung
544 3633 629 3692 einer
653 3631 766 3706 Sache,
802 3628 852 3691 die
889 3628 945 3693 der
973 3631 1198 3696 Wirklichkeit

130 3740 212 3801 nach
235 3739 299 3799 sich
325 3739 356 3798 in
380 3733 435 3799 der
459 3737 555 3799 Ruhe
583 3735 755 3800 befindet‚*“
785 3737 927 3818 explicat,
951 3734 1034 3799 idem
1059 3736 1088 3798 id
1114 3738 1198 3800 valet

131 3841 217 3927 quod
244 3844 365 3927 vulgari
388 3846 437 3908 illa
461 3844 668 3927 explicatione
692 3845 890 3926 exprimitur:
927 3841 1005 3905 duas
1029 3844 1199 3905 sententias

132 3952 163 4013 in
187 3971 283 4014 unam
307 3972 378 4016 esse
402 3952 548 4014 contusas
572 3951 614 4012 ita
637 3956 671 4010 ut
693 3950 767 4012 mihi
791 3946 905 4034 aliquid
934 3951 965 4011 in
989 3958 1128 4012 mentem
1153 3956 1201 4010 est

133 4054 253 4122 dicatur
276 4079 349 4142 pro:
376 4055 490 4141 aliquid
513 4058 587 4119 mihi
612 4057 640 4118 in
666 4068 805 4120 mentem
831 4057 914 4120 venit
931 4066 1026 4139 atque
1051 4057 1143 4138 igitur
1168 4056 1198 4117 in

974 4168 991 4220 3
