2766 4628
757 294 797 355 82

248 478 381 561 rogatiri
397 475 525 538 relative
540 467 770 556 usurpantur-J)
810 469 892 534 Item
908 468 990 553 apud
1005 469 1159 533 Catonem
1177 468 1312 551 legimus

249 597 339 662 593:
354 584 458 658 orbes,
470 580 589 660 fibulas,
605 590 723 654 vectes,
740 578 872 652 suculas,
890 577 1021 656 fiscinas,
1038 576 1190 651 corbulas‚
1208 576 1313 659 quala,

248 690 358 765 scalas,
382 691 533 774 patibula,
558 690 664 752 onmia
687 687 755 769 quis
778 705 853 748 usus
877 686 933 747 erit
957 685 986 745 in
1003 703 1062 746 suo
1079 680 1217 766 quidque
1241 681 1313 746 loco

248 797 402 879 reponito.
449 796 560 876 91,16:
597 795 742 858 homines
766 814 822 856 eos
847 790 935 866 darn,
974 791 1026 874 qui
1060 787 1229 873 placebunt
1259 800 1314 853 aut

250 899 371 965 custodi
395 912 449 964 aut
472 903 540 986 quis
564 922 636 964 eam
658 901 763 963 oleam
788 899 906 961 emerit.
953 909 1040 975 93,7:
1068 895 1214 959 dominus
1239 898 1314 960 rino

249 1005 324 1091 quid
348 1006 434 1070 volet
456 1008 547 1070 saciet
569 989 668 1088 (idem
692 999 813 1088 93,18).

358 1115 586 1198 Antiquissima
609 1114 758 1177 enuntiati
781 1111 900 1175 relativi
923 1111 1025 1174 forma
1048 1133 1085 1175 ea
1110 1122 1178 1175 erat
1201 1121 1235 1174 ut
1258 1109 1314 1175 de-

251 1223 439 1284 monstravit
463 1220 603 1284 Paetzolt
627 1221 646 1283 l.
672 1220 702 1299 l,
725 1239 808 1302 quae
832 1228 879 1280 est
912 1218 1020 1297 85,14:
1047 1238 1128 1299 „qua
1155 1240 1196 1281 ex
1224 1227 1312 1303 parte

250 1327 376 1411 politori
399 1348 471 1411 pars
495 1338 542 1390 est
572 1348 643 1391 eam
668 1336 791 1412 partem
818 1328 848 1388 in
872 1325 1034 1409 pistrinum
1058 1324 1200 1408 politor,“
1227 1322 1312 1409 quod

250 1443 285 1495 ut
307 1434 349 1496 ait
372 1435 418 1496 vir
442 1433 491 1497 ille
515 1431 626 1496 doctus
650 1454 681 1516 p.
706 1447 740 1510 4:
771 1429 839 1512 „die
867 1431 1011 1494 Relativa
1038 1433 1096 1494 wie
1120 1430 1169 1494 die
1194 1452 1313 1495 corres-

251 1537 468 1623 pondirenden
500 1540 759 1603 Demonstrativa
798 1541 829 1602 in
870 1536 926 1600 der
960 1538 1091 1601 altesten
1126 1539 1194 1602 Zeit
1230 1539 1316 1601 nicht

251 1647 375 1709 sowohl
398 1647 591 1711 Pronomina
613 1647 658 1709 als
684 1645 837 1708 vielmehr
860 1643 1080 1726 adjectivische
1096 1646 1233 1708 Zeichcn
1257 1642 1315 1707 der

251 1753 433 1836 Bezielrung
462 1755 577 1815 zweier
612 1753 704 1814 Satze
736 1748 938 1814 auleinander
970 1736 1107 1815 warenf‘
1161 1750 1212 1813 Ex
1254 1752 1314 1813 hac

252 1868 409 1921 structura
433 1859 576 1921 attractio
605 1858 655 1920 illa
688 1878 772 1941 quae
795 1859 891 1941 vulgo
915 1859 992 1922 laiso
1015 1857 1160 1921 videlicet
1184 1867 1316 1920 vocatur

253 1966 402 2048 explicari
427 1962 531 2044 debet,
555 1982 625 2026 cum
644 1964 802 2048 paullatim
826 1966 856 2027 in
880 1968 1040 2055 enuntiato
1065 1963 1313 2027 demonstrativo

235 2065 483 2134 'substantivum
515 2071 711 2133 omitteretur
734 2080 765 2132 et
795 2073 825 2133 in
860 2072 991 2134 relativo
1013 2073 1096 2135 ‘solo
1131 2080 1313 2155 poneretur.

253 2176 415 2240 Permulta
444 2178 537 2239 huius
565 2178 687 2260 priscae
724 2186 897 2240 structurae
924 2179 1077 2262 ‘exempla
1106 2178 1196 2241 nobis
1229 2175 1315 2261 apud

256 2283 412 2346 Catonem
436 2293 560 2344 servata
584 2293 669 2345 sunt:

367 2401 470 2467 19,13:
500 2390 552 2471 qui
576 2409 652 2472 ager
674 2385 812 2471 frigidior
842 2399 874 2450 et
897 2391 1031 2453 macrior
1055 2391 1121 2467 erit,
1144 2391 1185 2452 ibi
1210 2390 1315 2453 oleam

253 2495 427 2559 licinianam
451 2496 511 2557 seri
535 2503 670 2579 oportet.
1212 2485 1216 2489 ’

366 2599 469 2680 19‚16:
495 2603 547 2684 qui
571 2601 659 2663 locus
674 2605 747 2663 vino
764 2603 901 2684 optimus
925 2599 1044 2664 dicetur
1060 2623 1130 2665 esse
1154 2611 1186 2663 et
1209 2611 1314 2666 osten·

255 2717 305 2770 tus
329 2707 396 2786 soli,
418 2709 589 2770 aminnium
614 2707 823 2770 minusculum
846 2710 952 2772 serito.

363 2826 454 2892 20,1:
490 2815 542 2897 qui
578 2814 666 2876 locus
701 2816 833 2876 crassior
869 2817 924 2877 erit
960 2826 1013 2878 aut
1048 2816 1240 2893 nebulosior,
1276 2817 1317 2879 ibi

255 2921 410 2983 aminnius
434 2921 535 2982 maius
558 2921 662 2982 serito.

338 3025 451 3106 ‘4232
483 3028 513 3088 in
545 3035 630 3089 creta
663 3035 695 3088 et
729 3026 843 3109 uligine
876 3037 907 3088 et
939 3028 1062 3091 rubrica
1097 3039 1129 3090 et
1161 3030 1214 3111 qui
1242 3050 1318 3112 ager

257 3153 397 3217 aquosus
421 3135 479 3196 erit
501 3153 611 3195 semen
634 3131 787 3195 adoreum
811 3134 1007 3217 potissimum
1030 3135 1135 3197 serito,

362 3253 474 3320 42,10:
503 3236 659 3302 hordeum
684 3240 736 3322 qui
760 3240 848 3303 locus
871 3260 975 3304 novus
999 3242 1056 3303 erit
1078 3250 1132 3304 aut
1154 3242 1207 3323 qui
1231 3242 1318 3302 resti-

255 3343 324 3408 bilis·
339 3345 405 3408 fieri
428 3348 550 3430 poterit,
573 3349 678 3409 serito,

363 3464 474 3530 42‚112
504 3455 696 3516 trimestrem
725 3473 789 3535 quo
821 3454 850 3516 in
875 3453 946 3515 loco
975 3454 1139 3516 sementim
1162 3463 1319 3515 maturam

256 3557 360 3619 lacere
395 3577 459 3621 non
494 3561 634 3642 potueris
670 3570 702 3622 et
736 3561 789 3642 qui
824 3559 912 3622 locus
941 3559 1081 3622 restibilis
1117 3556 1319 3622 crassitudine

234 3651 323 3725 ‘fieri
346 3666 470 3746 poterit,
494 3667 555 3728 seri
579 3676 715 3749 oportet.
1104 3647 1107 3651 ⁵

365 3778 452 3849 71,3;
479 3773 532 3855 qui
555 3792 632 3853 ager
648 3773 742 3854 longe
766 3791 785 3833 a
809 3773 886 3834 mari
901 3772 1011 3851 aberit,
1034 3772 1075 3833 ibi
1098 3773 1205 3834 vinum
1229 3789 1317 3853 grae·

165 3930 168 3934 ,
258 3895 332 3941 curn
355 3877 398 3938 sic
421 3877 525 3939 facito.

230 4079 232 4083 Ι
363 4017 385 4083 1)
416 4017 448 4066 cf.
473 4017 577 4067 Schoell
600 4019 658 4068 Lex
683 4017 762 4068 duod.
786 4017 837 4067 tab.
863 4017 936 4083 Lips.
965 4016 1031 4068 1866
1051 4035 1076 4083 p.
1102 4025 1134 4079 75
1163 4036 1201 4084 sq.
1249 4019 1321 4068 Neue

256 4107 274 4155 l.
293 4107 310 4156 l.
329 4107 355 4156 ΙΙ
374 4121 398 4169 p.
421 4101 478 4161 158,
533 4120 538 4137 ‘¹
