2766 4628
664 271 705 336 88

153 471 264 534 preces
287 471 411 534 precor.
460 451 496 513 cf.
534 455 642 528 8214.
674 453 801 530 83,1.7.
836 452 935 543 86,l3
964 466 995 517 et
1020 453 1129 532 86,15:
1163 459 1218 521 ha·

153 577 260 621 rumce
290 577 394 620 rerum
428 578 505 640 ergo
529 569 632 622 macte
656 560 717 622 hoc
741 580 838 643 porco
868 561 992 646 piaculo
1024 563 1219 627 immolando

153 674 234 727 esto.
280 664 316 727 cf.
341 665 425 740 81‚5.
450 665 558 741 87,17.
583 666 666 745 88,4.
702 667 800 731 Verbi
816 665 929 732 deinde
945 669 1044 732 solam
1060 673 1217 735 actionem

153 776 195 835 ita
222 781 257 835 ut
279 792 338 856 pro
363 769 470 835 dativo
494 771 634 836 infinitivi
661 776 798 857 positum
830 776 952 839 sithoc
975 777 1047 840 loco
1072 775 1217 841 denotat:

159 893 238 957 19,5.
265 881 289 941 si
313 884 344 942 in
368 877 439 941 loco
463 899 570 943 crasso
593 890 647 943 aut
670 879 762 944 caldo
786 885 919 963 severis,
946 885 1057 947 hostus
1079 904 1217 967 nequam

154 988 211 1048 crit
235 994 266 1047 et
289 982 422 1048 ferundo
445 988 541 1050 arbor
564 988 685 1071 peribit.
730 988 809 1052 Item
841 1010 900 1073 pro
929 992 1123 1054 substantivo
1147 1012 1218 1054 ver·

154 1091 213 1155 bali
237 1094 284 1155 his
307 1092 382 1155 locis
406 1104 523 1157 exstat:
556 1095 646 1171 91,6:
675 1096 699 1157 si
730 1116 795 1158 non
828 1098 869 1158 ita
892 1098 1053 1169 iuraverit,
1087 1118 1144 1180 pro
1179 1117 1218 1160 ea

154 1200 226 1262 olea
258 1197 392 1282 legenda
423 1211 455 1262 et
487 1199 630 1264 faciunda
662 1222 758 1265 nemo
792 1199 885 1265 dabit.
931 1202 1020 1285 lrgm.
1046 1202 1134 1279 78‚o:
1167 1203 1217 1265 Ex

155 1305 274 1386 dolore,
305 1327 345 1369 ex
368 1307 456 1381 febri,
489 1328 530 1371 ex
555 1309 612 1388 siti,
644 1328 685 1370 ex
718 1305 954 1371 medicamentis
988 1306 1139 1383 bibendis,
1174 1328 1216 1370 ex

155 1413 390 1490 cataplasmatis,
416 1436 456 1477 ex
480 1415 553 1477 alvo
577 1413 724 1479 lavando.
892 1397 894 1400 Α

474 1646 534 1728 De
565 1647 897 1754 pronominibus

265 1785 450 1869 Priusquam
483 1784 725 1871 disputationem
757 1798 898 1850 nostram
930 1783 1090 1859 liniamus,
1126 1784 1220 1847 liceat

156 1892 307 1955 nonnulla
330 1890 371 1955 de
393 1894 633 1976 pronominibus
656 1892 822 1973 adnotare,
846 1913 928 1976 quae
952 1889 1055 1954 adhuc
1078 1900 1221 1973 praeter·

156 1999 233 2061 misi.

146 2094 150 2102 ¹
245 2106 394 2189 aliquis.
440 2106 529 2187 98,2:
559 2117 703 2170 comesto
731 2107 835 2190 aliqua
859 2107 888 2169 V
912 2105 1000 2187 lolia3
1034 2103 1107 2166 nihil
1134 2099 1218 2166 aliud

156 2211 261 2275 valere
284 2222 390 2297 potest
417 2214 486 2276 nisi:
518 2215 557 2275 iss
589 2223 671 2276 etwa
694 2227 714 2288 5
738 2213 866 2276 Bla'tter.
914 2210 1025 2296 Neque
1049 2231 1121 2274 raro
1146 2231 1219 2294 pro·

156 2339 274 2381 nomen
297 2318 406 2400 aliquis
429 2320 488 2381 hac
511 2318 736 2401 significatione
753 2317 837 2402 apud
854 2319 1008 2394 Plautum,
1026 2320 1217 2390 Varronem,

158 2424 364 2487 Cieceronem
399 2426 443 2506 (in
476 2423 637 2509 epistulis).
686 2425 871 2505 Caesarem,
914 2421 1094 2503 Ovidiuml)
1128 2441 1219 2485 usur·

157 2541 256 2615 patur.
304 2531 456 2595 Conferas
488 2532 532 2595 Pl.
564 2532 646 2595 Men.
673 2533 715 2608 V,
729 2545 819 2610 5,47:
851 2531 1059 2595 Helleborum
1094 2529 1220 2611 potabis

157 2638 231 2701 faxo
265 2640 361 2701 hosce
393 2638 514 2722 aliquos
546 2640 652 2721 viginti
687 2636 761 2702 dies.
798 2636 913 2702 Pseud.
936 2631 1103 2715 I,3‚8782)
1138 2634 1220 2698 Cato

157 2745 247 2828 frgm.
278 2746 363 2822 18,4;
388 2763 516 2820 censeo,
541 2746 649 2828 inquit,
673 2747 698 2808 si
722 2767 789 2809 rem
810 2764 938 2808 servare
961 2745 1017 2818 vis
1042 2738 1220 2805 faciundum

157 2861 191 2913 ut
221 2848 465 2934 quadringentos
498 2852 619 2935 aliquos
652 2851 762 2915 milites
794 2849 835 2914 ad
864 2870 1030 2913 verrucam
1063 2849 1144 2911 illam
1175 2849 1222 2908 ire

157 2959 275 3021 iubeas,

147 3052 151 3058 ⁴
270 3061 456 3148 quidquid
492 3068 522 3129 in
542 3067 656 3149 ‘prisco
680 3084 828 3127 sermone
851 3064 976 3146 saepius
999 3081 1058 3145 pro
1082 3055 1223 3143 quidque

158 3166 366 3257 usurpatur.3)
413 3172 491 3234 ltem
516 3173 548 3234 in
564 3171 643 3234 libro
661 3169 700 3234 de
724 3191 747 3234 r.
765 3192 792 3234 r:
819 3182 902 3251 2o‚7.
928 3171 958 3232 in
983 3165 1098 3232 eodem
1122 3162 1223 3228 lundo

158 3300 250 3342 suum
282 3276 432 3362 quidquid
464 3281 585 3342 conseri
610 3289 745 3363 oportet.
792 3289 883 3355 379:
919 3275 1072 3359 patibula,
1110 3271 1223 3335 fibulas

158 3386 267 3448 iubeto
301 3406 359 3449 suo
394 3383 543 3470 quidquid
577 3387 649 3449 loco
683 3383 786 3449 condi.
833 3397 923 3461 51‚2:
958 3402 1049 3445 suum
1072 3373 1222 3463 quidquid

160 3512 259 3574 genus
283 3493 435 3556 talearum
459 3495 563 3558 serito
589 3494 624 3557 cs.
648 3494 739 3577 srgm.
764 3507 853 3573 444:
879 3491 932 3575 qui
955 3509 1054 3551 unum
1071 3479 1222 3569 quidquid

160 3607 281 3662 mature
305 3601 444 3685 transigit
477 3603 501 3664 is
531 3611 690 3687 properat.
736 3600 826 3679 arpo:
862 3618 925 3681 ego
952 3615 1050 3659 unum
1074 3585 1222 3677 quidquid

160 3705 248 3794 quod
271 3705 401 3772 adortus
425 3729 495 3772 sum
518 3711 739 3793 transigebam.
788 3707 832 3769 Pl.
856 3705 942 3768 Trin.
968 3702 1042 3767 881.
1071 3700 1101 3761 Si
1124 3715 1223 3759 unum

310 3923 342 3973 cl.
361 3923 448 3972 Haase
466 3921 498 3971 ad
518 3921 620 3986 Reisig..
632 3921 691 3971 adn.
711 3926 771 3981 354.

267 4009 289 4076 ²)
308 4012 339 4062 cf.
358 4011 418 4061 Brix
437 4011 478 4062 ad.
499 4012 567 4063 lllen.
587 4016 647 4067 950.

268 4098 290 4167 ³)
309 4100 342 4151 cf.
361 4101 435 4152 Neue
455 4103 472 4154 1.
491 4102 509 4153 l.
530 4101 556 4151 II
576 4118 602 4169 p.
623 4107 681 4159 179.
700 4114 737 4163 sq.
768 4095 869 4160 Madvig
889 4094 941 4143 Cic.
961 4092 992 4142 de
1013 4089 1054 4139 fin.
1074 4089 1106 4144 V.
1119 4093 1190 4151 9‚2l.
