2766 4628
683 282 703 346 6

154 463 248 528 affert
273 464 312 540 Il,
343 480 375 546 p.
405 464 485 542 196:
509 463 511 466 ’
536 463 612 526 Ter.
647 463 715 526 Hec
747 462 826 548 prol.
857 466 886 525 v'.
920 474 938 525 2
973 468 1092 527 novom
1128 462 1220 543 lnte'r-

154 571 245 634 ·ve'nit
275 572 385 633 vitiom
417 583 449 634 et
481 570 645 634 calamitas>
672 566 808 653 Adelph.
856 582 934 646 340:
967 569 1040 632 Tua
1071 568 1156 631 lama
1190 576 1222 630 et

156 676 271 760 gnatae
300 679 364 742 vita
390 679 421 740 in
454 674 722 739 dubiumveniet.
752 671 825 739 ibid.
856 687 937 753 470:
969 676 1123 758 persuasit
1155 693 1222 736 nox

153 804 251 847 amor
278 785 386 846 vinum
409 780 629 847 adulescentia.
675 778 748 844 ibid.
772 781 858 865 ⁴835:
887 801 928 844 ne
958 782 1087 845 nimium
1122 777 1222 844 modo

154 887 275 953 Bonae
297 898 371 952 tuae
395 890 473 952 istae
496 909 556 952 nos
579 889 718 951 rationes
734 886 845 967 Mimo,
867 896 899 949 et
921 896 995 951 tuos
1018 889 1077 951 iste
1100 889 1224 950 animus

156 1016 279 1080 aequos
302 998 475 1060 subvertat.
558 1053 560 1056 ,
619 1021 622 1055 ;
907 1071 909 1077 Ι

264 1101 356 1165 Talia
400 1100 619 1183 neglegentiae
663 1096 787 1162 cuidam
827 1101 984 1181 scriptoris
1005 1106 1008 1110 “
1027 1098 1147 1176 deberi,
1163 1124 1166 1161 :
1182 1109 1225 1162 ‘et

158 1208 236 1291 ipse
249 1227 376 1271 censeo.
423 1207 628 1290 Quamquam
655 1207 737 1268 enim
762 1205 953 1289 permultum
981 1207 1071 1269 abest
1094 1215 1129 1268 ut
1152 1225 1224 1269 cum

159 1314 286 1377 Holtzio
311 1314 504 1376 consentiam
531 1311 625 1395 quil.
650 1312 668 1374 l.
692 1312 756 1392 lp.
786 1312 830 1375 28.
857 1313 899 1375 ita
926 1309 966 1374 de
991 1312 1120 1376 Catonis
1143 1311 1224 1375 libro

160 1417 286 1483 iudicat:
319 1420 387 1499 „bic
414 1418 493 1481 liber
516 1419 559 1482 ita
581 1416 706 1481 videtur
736 1420 931 1502 conscriptus
954 1439 1024 1502 esse
1048 1439 1067 1481 a
1091 1418 1224 1499 Catone,

155 1533 282 1590 utnon
305 1535 456 1610 expertus
479 1527 519 1588 sit
542 1523 681 1587 ultimam
705 1525 792 1607 quasi
815 1544 944 1588 manum
969 1522 1224 1601 emendatricem,

157 1630 216 1695 sed
239 1642 274 1695 ut
296 1631 395 1695 multa
418 1631 569 1694 celeriter
592 1632 649 1693 sibi
666 1628 840 1694 ‚adnotaret
861 1641 983 1694 tantum
1007 1651 1090 1714 quae
1114 1643 1227 1715 postea

162 1734 337 1825 secundum
361 1738 584 1821 grammaticae
611 1746 780 1821 praecepta
807 1738 970 1800 severiora
997 1738 1091 1799 vellet
1119 1743 1226 1801 enien-

162 1843 272 1919 dare‚“
300 1854 407 1907 tamen
437 1842 668 1930 neglegentiam
691 1841 865 1926 ,quandam
885 1841 1039 1906 eiusmodi
1061 1843 1156 1906 rebus
1180 1845 1225 1906 in·

163 1947 256 2013 dicari
279 1970 435 2013 censeam.
481 1947 687 2032 Neglegentia
707 1951 761 2011 vix
784 1946 813 2011 id
837 1946 922 2032 quod
947 1946 1017 2011 dico
1040 1959 1145 2032 potest
1169 1970 1227 2036 no·

158 2057 283 2136 ruinart
304 2065 376 2119 cum
400 2065 431 2118 et
453 2076 504 2118 res
528 2053 697 2139 dequibus
720 2057 751 2118 in
765 2055 853 2120 libro
877 2056 979 2137 agitur
1002 2057 1129 2118 minime
1153 2076 1225 2139 pos-

161 2162 299 2229 tularent
331 2162 506 2227 orationem
536 2160 709 2225 secundum
738 2183 851 2225 severa
877 2164 1100 2245 grammaticae
1130 2181 1225 2246 prae·

162 2277 254 2350 cepta
277 2267 479 2342 elaboratam,
508 2275 539 2330 et
564 2266 720 2330 Catonem
748 2268 850 2351 ipsum
876 2268 990 2331 librum
1013 2271 1056 2331 ita
1081 2268 1203 2330 elaborr

158 2385 229 2446 tum
255 2393 453 2456 componere
475 2373 613 2436 noluisse
636 2383 795 2457 appareat.
887 2443 888 2447 ,

176 2489 183 2539 ῖ,
244 2477 318 2548 Id,
335 2477 421 2562 quod
445 2479 606 2543 Holtzium
634 2488 669 2542 ut
695 2482 736 2543 ita
765 2477 804 2542 de
833 2481 912 2544 libro
940 2483 1068 2545 sentiret
1096 2478 1190 2545 addu:

160 2588 226 2656 hoc
251 2595 308 2650 est.
354 2607 383 2669 p.
413 2598 510 2665 22‚10
543 2596 603 2649 est:
635 2606 701 2669 quo
732 2584 831 2650 modo
864 2587 984 2650 oletum
1017 2589 1083 2670 agri
1106 2590 1190 2670 iuge

166 2693 473 2765 CCXL‘instruere
497 2700 652 2775 oporteat.
705 2694 829 2756 vilicum
857 2693 978 2758 vilicam
1008 2742 1015 2757 .
1040 2744 1047 2756 .
1074 2742 1112 2757 ..
1141 2697 1191 2775 opi

160 2797 301 2870 ‚onemI
325 2819 460 2862 summa»
482 2799 626 2861 homines
656 2797 742 2863 XIII.
800 2799 908 2882 Atque
939 2801 1078 2863 similiter
1112 2799 1193 2879 εηιῃ1

165 2902 310 2976 Aduolat
340 2905 495 2968 Holtzius‘:
524 2903 616 2981 „Hoc
649 2902 720 2966 loco
749 2906 960 2969 nominativus
985 2909 1147 2982 „summa‘
1182 2909 1190 2968 i

165 3013 311 3077 teriectus
342 3021 390 3074 est
418 3010 599 3074 accusativis
632 3008 903 3092 quiantecedunt
931 3025 962 3075 et
990 3023 1163 3095 sequuntur
1193 3034 1196 3057 ³

165 3118 413 3183 enuntiationem
441 3116 529 3199 quasi
557 3135 614 3199 per
645 3135 679 3177 se
718 3116 830 3180 elficiat
857 3119 900 3181 ita
927 3128 963 3180 ut¹
989 3122 1098 3183 animo
1134 3121 1191 3182 scri

165 3227 243 3289 toris
277 3226 316 3287 sit
350 3224 557 3287 observatum
592 3242 663 3284 esse
698 3221 870 3288 videatur.“
925 3223 1008 3305 Quid
1030 3235 1149 3289 autem

163 3332 281 3394 mirum
309 3328 374 3391 est?
421 3325 657 3410 Neglegentiam
691 3350 757 3393 non
787 3328 954 3395 admissam
985 3353 1055 3394 esse
1086 3350 1158 3412 appr

168 3437 302 3519 Semper
325 3433 486 3513 „summa“
510 3435 541 3507 in
564 3435 736 3498 rationibus
759 3438 801 3498 sic
824 3436 967 3499 absolute
990 3445 1159 3520 usurpatur

266 3539 373 3603 'Multo
406 3541 500 3602 etiam
535 3542 660 3603 liberius
684 3538 770 3625 quod
794 3543 902 3608 attinet
924 3540 964 3604 ad
989 3552 1161 3626 congruent

167 3645 250 3710 illam
267 3654 379 3708 neutra
401 3648 625 3729 pronominum
653 3648 694 3710 ab
718 3647 840 3711 Catone
870 3660 1021 3734 usurpata
1045 3651 1162 3713 invenin

171 3754 258 3831 18,4:
281 3753 420 3814 scabiem
444 3754 552 3838 pecori
572 3763 610 3817 et
633 3754 777 3817 iumentis
802 3766 924 3833 caveto,
954 3755 991 3820 id
1025 3777 1066 3819 ex
1089 3757 1162 3820 lam<

167 3860 193 3922 si
216 3858 325 3942 inpluit
354 3857 421 3922 lieri
444 3858 533 3931 solet.
585 3857 691 3936 18‚18:
722 3857 805 3923 idem
829 3879 905 3944 ager
927 3865 952 3926 si
976 3864 1148 3930 nebulosus

272 4010 295 4080 1)
315 4015 470 4078 Exemplum
495 4015 564 4080 quod
588 4016 660 4066 affert
679 4032 711 4066 ex
732 4023 814 4082 capite
837 4018 914 4070 XVII
934 4021 1071 4095 delendum
1092 4028 1129 4072 est

166 4104 231 4154 falsa
250 4102 331 4153 utitur
348 4103 468 4155 lectione.
