2766 4628
703 269 745 330 54

196 447 314 509 habeas
338 454 374 508 et
398 447 543 508 materies
567 447 657 528 siquo
682 467 763 531 opus
787 447 824 508 sit
847 456 956 527 parata
980 447 1050 523 erit3
1076 447 1129 508 ubi
1152 447 1256 508 subito

197 554 391 615 constructio
416 561 535 615 mutata
554 563 600 614 est
624 555 764 635 itemque
789 554 898 631 28,19:
924 554 967 615 uti
992 550 1135 615 dominns
1151 554 1257 615 onmia

194 655 234 720 acl
269 676 350 738 opus
383 659 535 739 praebeat
564 705 569 718 .
600 705 607 721 .
637 707 643 720 .
679 669 711 722 et
745 661 789 721 uti
826 659 960 721 sublinat
992 659 1085 721 locari
1121 668 1255 739 oportet.

194 762 400 846 Neglegentia
435 762 591 846 quaedam
623 777 676 828 aut
707 768 811 850 potius
843 765 1018 846 simplicitas
1049 762 1150 827 adhuc
1173 762 1257 827 rudis

202 880 232 932 et
256 868 408 932 sentiendi
432 880 464 933 et
486 869 635 955 loquendi
658 873 719 935 hoc
743 881 882 956 apparet.
930 871 1043 934 Similia
1072 873 1149 933 haec
1173 880 1258 932 sunt:

197 988 289 1052 579:
313 976 382 1059 plus
406 977 467 1040 olei
491 975 605 1040 efficiet
629 986 660 1040 et
684 978 802 1041 melius.
849 990 962 1057 57‚10:
987 975 1060 1040 inde
1076 977 1137 1039 olei
1157 977 1258 1038 minus

196 1082 251 1144 fiet
275 1090 307 1144 et
330 1080 475 1147 deterius.
521 1084 619 1159 68,15
644 1085 734 1147 lanae
758 1084 826 1168 plus
850 1093 881 1146 et
897 1083 1059 1146 meliorem
1084 1083 1256 1145 habebunt.

197 1186 319 1271 Neque,
353 1187 440 1272 quod
474 1200 538 1253 tam
574 1210 670 1272 saepe
705 1193 736 1252 in
771 1192 986 1253 vetustissimis
1014 1190 1135 1272 legibus
1158 1184 1257 1250 oflen-

198 1291 337 1375 dimuS,¹)
369 1297 511 1358 subiecto
534 1306 656 1360 mutato
681 1306 798 1359 certam
822 1317 978 1380 personae
1002 1294 1258 1379 significationem

196 1403 306 1480 omitti,
330 1402 461 1464 multum
490 1399 599 1465 differt.
647 1403 718 1466 Hoc
746 1421 875 1484 quoque
908 1400 993 1465 haud
1021 1423 1093 1465 raro
1122 1403 1152 1463 in
1180 1399 1258 1461 libro

197 1503 236 1569 de
261 1529 283 1570 r.
309 1529 332 1570 r.
358 1510 474 1571 occurit
498 1520 532 1571 ut
561 1510 666 1588 16,17:
691 1509 824 1572 familiae
847 1510 929 1572 male
952 1531 993 1572 ne
1016 1512 1066 1587 sit,
1094 1529 1134 1569 ne
1157 1506 1260 1587 algeat

195 1635 236 1676 ne
260 1616 387 1677 esuriat:
407 1616 471 1692 (ubi
495 1617 524 1677 in
540 1616 643 1695 primo
660 1617 821 1678 enuntiato
837 1616 1011 1677 subiectum
1029 1623 1076 1676 est
1100 1612 1255 1685 dominus

197 1723 227 1783 in
255 1730 416 1802 postremo
446 1720 575 1802 familia)
606 1740 704 1802 opere
733 1723 814 1784 bene
842 1731 999 1800 exerceat,
1027 1721 1144 1783 facilius
1173 1719 1257 1781 malo

197 1835 229 1889 et
258 1828 360 1890 alieno
391 1829 578 1912 prohibebit.
637 1829 744 1890 vilicus
773 1831 797 1891 si
824 1828 912 1891 nolet
940 1829 1022 1891 male
1052 1827 1163 1900 lacere,
1193 1845 1259 1887 non

197 1932 286 1996 saciet
311 1934 367 2016 (sc.
391 1932 529 2015 lamilia.)
555 1935 643 2011 29‚b:
670 1934 795 1997 Calcem
813 1937 958 2018 partiario
983 1932 1182 2017 coquendam
1207 1933 1259 2014 qui

198 2037 282 2120 dant,
312 2043 354 2104 ita
389 2039 487 2104 datur.
511 2055 623 2119 4410:
654 2043 679 2102 si
702 2061 765 2103 uno
789 2041 969 2124 praefurnio
1003 2060 1146 2123 coquom
1175 2038 1259 2099 lacu-

201 2167 273 2209 nam
297 2150 379 2209 intus
403 2169 551 2232 magnam
576 2148 677 2225 lacit0,
701 2149 745 2208 uti
769 2150 842 2210 satis
866 2149 923 2210 siet
948 2149 999 2210 ubi
1023 2148 1160 2209 cinerem
1186 2165 1259 2206 con-

199 2254 313 2336 cipiat,
349 2275 389 2316 ne
422 2256 505 2317 foras
536 2256 573 2316 sit
608 2251 796 2316 educendus
849 2267 939 2331 979:
973 2274 1030 2336 per
1064 2263 1205 2334 segetem
1230 2253 1262 2313 in

199 2361 361 2423 frumentis
385 2372 440 2424 aut
464 2363 494 2423 in
517 2370 626 2442 segete
654 2371 709 2422 aut
736 2362 767 2422 in
790 2363 879 2422 lossis
907 2362 1004 2423 sicubi
1032 2379 1116 2441 aqua
1139 2369 1262 2421 constat

198 2477 252 2529 aut
276 2466 390 2550 aliquid
407 2486 509 2551 aquae
530 2468 645 2546 obstat,
667 2465 697 2528 id
721 2469 865 2530 emittere
888 2466 1021 2548 patilieri
1038 2467 1261 2547 removerique

199 2583 334 2658 oportet.

307 2681 402 2760 Que.
448 2682 508 2745 Per
542 2681 688 2765 copulam
721 2702 784 2765 que
817 2683 889 2744 item
925 2690 959 2744 ut
991 2700 1048 2762 per
1080 2691 1110 2742 et
1145 2679 1260 2742 multae

200 2784 340 2848 eiusdem
374 2791 547 2851 sententiae
582 2799 688 2872 partes
721 2790 842 2851 conecti
874 2798 909 2849 ut
942 2787 994 2848 liat
1026 2787 1261 2871 polysyndeton

200 2894 353 2976 exemplis
376 2890 490 2977 [multis
522 2896 692 2976 explanare
726 2895 857 2976 longum
885 2906 941 2973 est,
970 2896 1030 2955 hoc
1061 2913 1157 2955 ummr
1182 2904 1261 2955 attu-

200 3001 270 3063 lisse
293 2998 442 3083 sufficiet:
465 2999 585 3083 111,13:
623 3005 824 3086 maximeque
847 3004 915 3083 pius
939 3012 1087 3085 quaestus
1110 3002 1262 3064 stabilissi-

200 3127 335 3191 musque
380 3110 581 3191 consequitur
623 3111 814 3191 minimeque
857 3106 1026 3171 invidiosus
1071 3109 1261 3189 minimeque

201 3214 282 3277 male
306 3216 482 3297 cogitantes
506 3226 579 3278 sunt
594 3217 647 3299 qui
666 3218 696 3279 in
712 3237 753 3278 eo
777 3213 881 3278 studio
900 3217 1046 3299 occupati
1062 3226 1144 3277 sunt.
1193 3211 1261 3286 Qne

203 3332 367 3401 postremo
403 3333 525 3385 tantum
564 3325 710 3386 membro
750 3321 831 3398 addi,
872 3323 945 3386 nihil
985 3324 1080 3384 habet
1113 3319 1261 3383 insolens.

200 3425 272 3490 Non
305 3429 408 3508 primo
450 3430 600 3491 enuntiati
631 3420 741 3493 'verbo
779 3430 908 3491 allixum
944 3431 990 3491 liis
1025 3429 1100 3491 locis
1135 3425 1260 3490 offendi.

201 3533 313 3612 89,13:
337 3532 497 3609 Kalendis,
522 3532 632 3610 idibus,
656 3537 756 3611 nonis,
781 3535 877 3597 festus
902 3532 967 3596 dies
991 3554 1062 3596 cum
1088 3535 1145 3595 erit
1169 3553 1260 3596 coro-

200 3660 274 3701 nam
306 3640 337 3700 in
369 3639 473 3702 locum
504 3638 598 3719 indat,
626 3660 682 3723 per
710 3637 905 3720 eosdemque
935 3638 1000 3702 dies
1033 3639 1090 3703 lari
1122 3640 1263 3702 familiari

201 3766 260 3830 pro
284 3747 375 3828 copia
398 3746 558 3827 supplicet.
606 3747 694 3824 969:
723 3767 778 3809 eas
799 3746 893 3809 faecis
910 3747 1027 3827 inpleto
1051 3748 1109 3808 sub
1125 3745 1262 3827 prelum-

201 3873 263 3936 que
286 3849 423 3916 subdito.
467 3853 696 3936 Praepositioni
720 3873 893 3936 numquam
918 3873 981 3937 que
1005 3851 1088 3937 apud
1106 3853 1262 3915 Catonem

311 4061 334 4132 1)
355 4065 385 4114 cl.
406 4065 515 4116 Schoell.
537 4066 553 4115 l.
573 4067 590 4119 l.
609 4081 634 4129 p.
655 4071 696 4122 73.
