2766 4628
689 259 730 322 10

178 457 249 501 cum
279 437 335 501 illis
369 437 553 523 exemplum
581 437 626 501 Pl.
651 437 735 501 Rud.
759 439 813 515 IV,
849 453 938 517 3‚23:
968 437 1119 502 Vidulum
1148 441 1232 502 istun

177 545 292 628 quoius
308 554 355 607 est
370 547 445 607 novi
464 565 526 628 ego
543 546 713 608 hominem.
740 545 857 608 lterum
876 546 1018 608 Holtzius
1033 546 1051 608 l.
1066 546 1083 608 l.
1103 546 1115 609 Ι
1134 566 1162 630 p.
1177 559 1233 608 221

177 652 261 713 hunc
284 652 496 714 accusativum
520 670 669 734 graecum
682 654 831 714 nominat.
878 650 1026 715 Nominet
1045 673 1131 727 sane,
1155 651 1233 735 quoi

178 759 208 820 in
236 756 340 838 lingua
369 778 485 840 graeca
511 760 706 821 accusativus
724 772 824 821 'casus
852 760 893 820 ita
921 759 1034 821 crebro
1062 767 1235 840 usurpatur

176 861 233 926 sed
259 865 387 926 minime
410 865 458 926 hic
482 884 572 928 casus
596 883 671 926 usus
693 865 842 927 abhorret
865 866 915 931 ab,
931 885 968 926 ea
996 865 1135 943 notione,
1159 884 1236 947 quae

178 972 207 1033 ei
236 972 266 1033 in
295 970 398 1050 lingua
426 971 520 1033 latina
547 972 641 1046 inest,
673 990 710 1033 ac
743 972 870 1033 minime
898 972 946 1034 liic
975 988 1066 1033 casus
1096 990 1173 1033 usus
1200 991 1238 1033 ex

178 1078 284 1160 lingua
320 1097 435 1160 graeca
465 1079 496 1140 in
527 1077 666 1161 linguam
703 1077 836 1140 latinam
863 1076 1028 1139 translatus
1058 1087 1113 1139 est.
1163 1077 1239 1140 Item

180 1185 392 1247 accusativum
417 1201 567 1264 graecum
589 1183 734 1247 Holtzius
757 1185 803 1246 his
827 1184 902 1247 locis
926 1181 1170 1264 deprehendisse
1186 1186 1241 1247 sibi

177 1288 317 1353 videtur:
347 1303 434 1368 29,4·.
463 1298 495 1351 et
525 1286 563 1352 ad
595 1309 677 1373 opus
700 1291 852 1372 praebeat
875 1290 965 1353 calcis
989 1292 1019 1352 iu
1044 1289 1077 1352 P.
1101 1290 1242 1369 singulos

178 1393 405 1480 longitudinem
429 1394 569 1459 modium
594 1392 732 1478 unum.1)
780 1396 867 1458 Prius
896 1394 926 1458 id
954 1407 1242 1460 commemoratum

177 1502 267 1580 volo,
296 1505 423 1566 minime
455 1511 573 1565 certam
601 1504 650 1565 hic
674 1523 744 1564 esse
768 1502 944 1566 lectionem.
992 1501 1156 1566 Traditum
1181 1514 1241 1567 est:

177 1607 429 1692 sesquipedalem
456 1611 608 1690 parietem
647 1605 793 1671 dominus
820 1606 1058 1671 fundamentum
1092 1610 1181 1672 faciat
1211 1620 1243 1672 et

176 1713 216 1778 ad
241 1735 323 1799 opus
345 1716 498 1797 praebeat
520 1697 610 1779 calcis
634 1717 664 1777 in
688 1715 724 1778 P.
749 1714 887 1797 singulos
911 1713 1137 1796 longitudinem
1162 1734 1243 1796 opus

179 1830 227 1884 est
251 1819 390 1884 modium
415 1841 524 1884 unum.
572 1822 662 1901 Quae
686 1840 757 1883 cum
782 1824 824 1884 sic
848 1830 931 1884 stare
955 1842 1019 1884 non
1035 1842 1130 1904 posse
1147 1843 1243 1906 appa-

177 1937 255 2002 reat,
281 1927 401 1990 Keilius
422 1928 521 1990 verba
545 1947 625 2010 opus
649 1936 697 1989 est
720 1929 806 1990 uncis
830 1928 957 1990 inclusit.
984 1925 1066 1989 'Sed
1086 1930 1180 1992 etiam
1201 1931 1244 1991 ita

179 2035 283 2098 locum
311 2056 376 2099 non
404 2054 515 2097 sanum
545 2054 616 2096 esse
643 2054 828 2118 persuasum
857 2035 977 2109 habe0,
1006 2032 1092 2116 quod
1128 2035 1243 2098 Holtzii

176 2143 344 2204 accusativi
368 2140 534 2222 explicatio
558 2161 630 2203 mea
654 2138 781 2223 quidem
805 2143 956 2203 sententia
974 2150 1060 2204 recta
1083 2162 1152 2203 esse
1176 2158 1242 2205 non

176 2256 291 2330 potest,
316 2258 348 2310 et
372 2248 584 2310 accusativum
610 2248 740 2310 omnino
764 2268 827 2310 non
840 2265 935 2327 posse
949 2248 1093 2330 explicari
1112 2267 1240 2310 censeo

176 2351 300 2415 Deinde
325 2366 414 2429 77‚2:
446 2353 560 2415 Cetera
588 2355 662 2416 item
686 2350 813 2416 condito
843 2355 885 2416 ita
907 2355 951 2415 uti
975 2375 1068 2438 supra
1093 2355 1242 2434 scriptum

176 2468 224 2521 est
246 2458 354 2542 „quod
372 2457 582 2522 Sclmeiderus
606 2461 647 2523 ita
670 2460 815 2540 explicat:
840 2462 858 2522 i.
877 2462 902 2522 e.
927 2458 1012 2543 quod
1037 2460 1240 2543 reliquacon-

178 2563 316 2630 dimenta
338 2563 518 2649 attinet.“2)‘
554 2568 656 2631 Recta
679 2575 727 2629 est
750 2564 931 2630 Schneideri
955 2567 1130 2648 explicatio.
1177 2564 1240 2628 Sed

175 2671 264 2735 aliter
287 2675 336 2735 bie
360 2677 553 2737 accusativus
576 2683 747 2757 usurpatus
771 2684 818 2735 est
839 2694 933 2756 quam
951 2674 996 2736 bis
1015 2675 1101 2736 locis:
1133 2686 1239 2752 1414:

175 2778 287 2841 lacuna
315 2780 400 2841 nihil
430 2800 510 2860 opus
539 2782 605 2842 erit.
635 2791 747 2858 21,t2:
777 2780 834 2840 sub
864 2781 943 2840 urbe
971 2780 1099 2842 bortum
1133 2798 1241 2842 omne

175 2884 333 2966 genus?
383 2885 538 2968 Reisigius
571 2889 654 2949 bunc
688 2887 900 2948 accusativum
933 2907 962 2969 p.
999 2886 1061 2961 684
1098 2888 1241 2958 nominat

175 2991 379 3053 attributiven
403 2991 582 3066 Accusativ,
607 3000 639 3053 et
662 3009 756 3072 saepe
786 2993 813 3053 ei
843 2994 922 3054 inest
945 2992 1037 3072 plane
1060 2994 1240 3056 attributiva

175 3097 222 3158 vis
250 3106 296 3160 ut:
327 3109 436 3172 22,10:
468 3095 642 3178 Quomodo
671 3096 790 3160 oletum
819 3100 884 3181 agri
912 3100 1022 3183 iugera
1052 3099 1166 3163 CCXL
1196 3101 1239 3161 in·

174 3212 295 3266 stmere
329 3215 484 3288 oporteat.
537 3204 626 3287 (Wie
659 3224 732 3267 man
765 3205 856 3268 einen
884 3201 1026 3290 Oelberg
1061 3205 1125 3268 und
1156 3225 1241 3267 zwar

174 3311 282 3389 (einen
306 3311 386 3390 von)
412 3326 476 3391 240
500 3312 632 3394 Morgen
656 3309 784 3374 Laudes
807 3321 981 3375 ausstatten
1005 3307 1115 3390 muss)
1146 3311 1238 3385 679:

177 3425 290 3498 postea
327 3436 486 3480 amurcam
523 3437 594 3480 cum
628 3437 712 3500 aqua
746 3421 938 3480 conmisceto
973 3437 1091 3500 aequas
1111 3425 1239 3496 partes.

282 3624 303 3689 1)
322 3628 363 3678 Ad
391 3643 465 3692 quem
489 3630 576 3678 locum
594 3629 638 3679 ille
663 3630 680 3680 l.
699 3631 716 3679 l.
742 3630 753 3677 l
778 3644 804 3692 p.
830 3635 881 3683 270
912 3630 1031 3679 adnotat:
1064 3629 1237 3679 Schneiderus

175 3717 272 3766 mavult
291 3716 364 3770 scribi
384 3717 535 3781 longitudini
557 3717 626 3782 quod
642 3716 668 3765 in
682 3717 813 3766 nonnullis
826 3717 979 3767 editionibus
992 3719 1093 3783 legitur,
1115 3719 1160 3767 sed
1180 3719 1238 3767 reti·

174 3804 229 3854 neri
250 3812 336 3868 potest
355 3806 540 3871 longitudinem
560 3808 593 3856 ita
613 3812 641 3855 ut
662 3805 805 3870 accipiatur
823 3821 871 3870 pro
891 3809 1039 3857 accusativo
1058 3822 1158 3872 graece.

280 3889 302 3961 ²)
322 3894 354 3944 cf.
374 3897 467 3944 Hollze
486 3897 502 3944 l.
516 3897 532 3945 l.
553 3888 696 3946 Praeterea
709 3895 740 3944 cf.
778 3897 843 3944 Enn.
864 3894 930 3944 Ann.
950 3912 974 3945 v.
995 3906 1027 3955 57
1049 3895 1089 3963 (ed
1109 3893 1237 3960 Vahlenl:

175 3988 260 4032 cetera
282 3999 347 4048 quos
373 3982 502 4048 peperisti.
526 3981 565 4032 Ne
585 3998 667 4033 cures.
691 3985 729 4035 Pl.
754 3983 807 4032 Mil.
827 3984 860 4047 gl,
880 3990 930 4039 927
958 3984 999 4048 (ed
1026 3983 1096 4049 Brix)
1122 3987 1238 4050 quiescas

154 4076 258 4148 ,βφπθ
346 4083 355 4128 r
383 4082 392 4155 ᾖ
