2766 4628
669 277 710 338 87

155 460 241 522 Huc
260 460 393 542 pertinet
427 458 475 526 hie
506 475 635 539 quoqne
664 451 767 518 locust
808 455 978 534 14‚6:'ubi
1018 476 1056 518 ea
1092 455 1219 537 cognita

156 586 263 648 aequo
295 567 401 628 animo
434 573 506 626 sunt
538 583 620 645 quae
652 562 774 645 reliqua
806 583 906 646 opera
937 564 997 626 sint
1031 580 1140 624 curare
1176 560 1219 622 uti

161 673 372 756 perficiantur,
407 672 543 733 rationes
576 680 686 752 putare
719 670 942 752 argentariam,
975 668 1219 743 frumentariam,

155 778 263 862 pabuli
292 797 386 840 causa
410 798 492 861 quae
531 779 641 860 parata
669 777 737 838 sint.
798 773 893 856 Quod
934 771 1120 838 vertendum
1162 781 1218 835 est:

159 885 270 948 Wenn
305 882 406 947 dieses
450 885 503 946 mit
544 884 725 965 gerechtem
762 883 858 945 Sinue
899 879 1137 965 durcbgesehen
1172 880 1219 952 ist,

159 1001 286 1054 milsseu
309 988 360 1054 die
384 991 497 1071 Dirige,
521 989 641 1052 welche
664 1009 703 1050 zu
728 989 886 1070 besorgen
914 990 998 1051 noclr
1029 988 1120 1068 tibrig
1144 983 1220 1064 sind,

158 1098 335 1161 vollbraclrt
366 1094 513 1160 vverdeu:
543 1093 591 1159 die
620 1094 873 1177 Nacbreclmung
901 1092 958 1157 der
990 1094 1221 1175 Reclmungeu,

155 1201 215 1265 der
231 1201 334 1282 Geld,
358 1201 527 1278 Getreide-,
553 1202 866 1284 Futter-Rechnung.
916 1201 976 1264 Pro
1000 1210 1117 1285 puncto
1130 1200 1221 1282 igitur

156 1320 231 1392 post
255 1309 456 1393 perficiantur
478 1309 573 1373 colon
597 1306 780 1393 ponendum
804 1329 876 1371 esso
901 1326 1026 1371 censeo

270 1413 395 1478 Eodem
420 1413 517 1479 modo
541 1418 571 1477 in
596 1426 775 1477 ceterorum
793 1414 920 1479 Catonis
938 1416 1127 1498 scriptorum
1143 1413 1223 1493 frag-

159 1523 273 1583 mentis
297 1521 467 1584 infinitivus
490 1541 586 1604 saepe
610 1531 791 1605 usurpatur:
824 1534 915 1598 9,12:
946 1520 1101 1602 Pleraque
1125 1517 1223 1580 Gallia

161 1625 239 1689 duas
271 1648 321 1689 res
354 1626 624 1691 industriosissime
656 1629 864 1712 persequitur,
898 1648 966 1690 rem
997 1627 1160 1690 militarem
1194 1635 1225 1686 et

157 1743 269 1816 argute
293 1732 390 1816 loqui.
437 1747 530 1811 33,1:
556 1735 627 1796 Scio
647 1755 708 1816 ego
732 1744 828 1817 atque
853 1735 914 1797 iam
938 1732 1060 1817 pridem
1085 1733 1221 1814 cognovi

148 1848 193 1917 yet
217 1840 353 1902 intellexi
388 1849 484 1923 atque
512 1842 646 1904 arbitror
668 1861 736 1903 rem
760 1841 916 1925 publicam
941 1860 1051 1903 curare
1073 1836 1225 1901 industrie

161 1965 320 2008 summum
359 1948 533 2028 periculum
572 1971 651 2013 esse.
708 1966 797 2028 44,ss
835 1945 929 2012 Aliud
966 1956 1013 2008 est
1044 1964 1225 2030 properare,

151 2049 245 2114 ‘aliud
269 2053 425 2116 festinare.

269 2159 417 2242 Denique
450 2179 670 2225 commemoro
703 2162 843 2224 infinitivi
874 2140 977 2222 usum·
997 2169 1070 2243 post
1093 2158 1225 2219 verbum

160 2261 253 2327 dare:
280 2262 353 2328 dato
378 2265 487 2328 bibere
506 2267 591 2348 obp.
618 2270 693 2344 70‚8
718 2270 753 2330 cl.
778 2268 820 2330 Pl.
842 2267 926 2330 Pers.
949 2269 1028 2331 821:
1053 2266 1162 2328 bibere
1182 2251 1226 2326 'da

162 2388 263 2453 usque
285 2370 384 2453 plenis
408 2375 573 2436 cantharis.
622 2375 714 2438 Truc.
731 2373 788 2454 Iv,
806 2374 890 2451 2,26.
926 2373 1000 2435 Ter.
1024 2370 1125 2435 Andr.
1147 2371 1227 2455 4843

162 2486 236 2558 post
259 2477 413 2560 reliquus:
448 2500 531 2562 quae
564 2481 682 2564 reliqua
715 2501 814 2563 opera
846 2481 906 2542 sint
933 2497 1044 2541 curare
1068 2479 1112 2539 uti
1135 2476 1227 2559 perfr-

162 2583 283 2644 ciantur
314 2596 400 2664 1473
425 2594 498 2668 post
521 2589 659 2669 cogitare
676 2584 885 2666 medentem:
909 2581 1075 2647 aedificare
1100 2580 1151 2644 diu
1172 2567 1227 2644 'co-

164 2690 262 2770 gitare
286 2699 426 2774 oportet3
452 2711 621 2756 conserere
645 2694 784 2775 cogitare
807 2713 872 2755 non
896 2700 1023 2776 oportet
1046 2687 1101 2752 sed
1125 2690 1228 2753 facere

164 2805 292 2878 oportet
321 2809 409 2877 15,4;
434 2808 506 2880 post
529 2817 654 2866 curare:
679 2800 723 2861 uti
747 2818 838 2862 cures
861 2799 993 2861 lustrare
1016 2796 1101 2872 828.

549 2917 578 2990 5.
601 2916 649 2991 De
672 2918 840 3010 gerundia.

274 3004 307 3069 ld
332 3007 505 3090 quodiam
530 3008 581 3073 diu
605 3021 870 3075 asseveraverunt
884 3013 940 3074 viri
956 3008 1077 3093 doctil)
1102 3013 1228 3074 minime

164 3111 320 3196 gerundio
344 3117 486 3197 primitus
509 3119 667 3199 passivam
688 3129 720 3181 et
739 3120 931 3181 necessitatis
947 3119 1093 3180 notiones
1116 3119 1228 3192 inesse,

167 3223 286 3303 optime
310 3221 463 3305 exemplis
491 3209 577 3306 quae*
605 3225 635 3286 iu
663 3223 743 3287 libro
771 3221 811 3286 de
834 3224 1021 3308 agricultura
1050 3233 1119 3286 sunt
1144 3243 1229 3286 com-

165 3325 327 3408 probatur.

275 3432 427 3518 Participii
452 3436 535 3497 enim
560 3437 733 3519 praesentis
757 3436 870 3519 passivi
896 3437 979 3506 vices
1003 3437 1049 3499 his
1073 3436 1149 3499 locis
1173 3438 1228 3500 ob-

169 3541 261 3600 tinet:
287 3541 391 3619 tiam.
437 3541 515 3622 Jane
539 3552 628 3627 pater
650 3552 682 3604 te
706 3544 765 3604 hac
789 3552 874 3604 strue
898 3540 1114 3606 omumvenda
1130 3543 1231 3615 bonas

277 3731 300 3796 1)
319 3733 350 3782 cf.
369 3733 488 3786 Kvicala.
526 3737 708 3801 Syntaktischc
728 3739 831 3788 Unters.
844 3737 878 3786 ll.
899 3735 1060 3786 Gerundium
1085 3753 1110 3786 u.
1133 3739 1230 3786 Gerun-

171 3821 269 3871 divum.
310 3823 410 3873 Wiener
420 3822 491 3872 Stud.
506 3825 572 3883 1879
592 3841 617 3889 p.
638 3822 688 3874 218
707 3841 763 3891 sqq.
790 3827 847 3874 Leo
860 3823 957 3874 Adrian
977 3825 1064 3876 Ueber
1083 3825 1127 3874 das
1147 3827 1231 3876 latein.

170 3911 268 3960 Partic.
292 3912 364 3961 Pras.
384 3912 490 3962 Passivi.
517 3907 585 3979 (Pgr.
605 3915 800 3980 GrossGlogau
823 3911 902 3977 1875)
927 3909 1035 3964 Corsserr
1059 3913 1125 3964 Krit.
1154 3916 1232 3965 Beitr.

171 4014 196 4062 p.
220 4005 269 4054 125
287 4016 341 4064 sqq.
379 4002 480 4051 Krause
493 4003 533 4052 De
546 4003 658 4068 gerundii
680 4009 704 4054 et
725 4003 859 4068 gerundivi
879 4004 948 4066 apud
967 4002 1159 4067 antiquissimos
1178 4004 1231 4052 Ro-

170 4102 305 4138 manorum
325 4091 477 4154 scriptorum
497 4108 552 4143 usu.
590 4089 682 4157 (Helle
704 4089 790 4158 1875.)

1238 4224 1294 4296 f
