2766 4628
719 241 760 305 26

203 421 261 485 IV.
284 421 398 499 96‚14:
431 419 525 485 etad
549 441 718 501 summum,
746 441 810 504 qua
834 420 886 483 fini
910 420 1045 484 culleum
1069 420 1170 503 capiet
1194 440 1272 504 per-

202 526 334 590 tundito.
395 527 506 592 Allero
541 548 669 612 quoque
705 525 855 591 dictiones
893 525 952 605 „ad
987 525 1267 612 perpendiculum“

203 646 289 712 333,
313 631 373 709 „ad
396 635 532 698 lineam‘
563 647 687 710 107,io.

309 741 412 805 Etiam
429 744 459 805 in
475 740 536 805 loci
548 740 774 823 significatione
785 738 824 802 ad
837 749 962 821 tempus
973 739 1121 803 translata
1133 737 1269 803 eandem

202 849 367 910 notionem
392 850 577 911 invenimus.
601 845 653 909 Ad
677 856 864 909 autumnum
881 848 975 920 enim,
1000 845 1086 930 quod
1098 856 1146 910 est
1163 847 1268 921 108,5:

202 974 334 1029 „semen
366 962 524 1017 maturum
548 953 582 1017 fit
606 951 645 1015 ad
678 957 884 1016 autumnum“
917 962 949 1015 et
978 966 1091 1032 71,10:
1128 950 1270 1027 „adver

203 1056 387 1121 diffundum
412 1079 477 1122 nou
493 1057 667 1142 significant
683 1061 730 1122 bis
752 1078 792 1122 zu
809 1057 880 1121 dem
898 1059 1047 1141 Frtthling
1060 1056 1140 1122 oder
1150 1058 1271 1121 Herbst

202 1164 258 1228 sed
294 1185 398 1248 gegen
437 1163 500 1228 den
524 1166 650 1245 Herbst,
682 1186 737 1229 um
771 1162 820 1227 die
844 1164 1079 1247 Fruhlingszeit.
1105 1165 1142 1227 cf.
1168 1163 1269 1227 Plaut.

203 1269 318 1334 Pseud.
350 1284 431 1349 1177
457 1270 512 1345 led
535 1272 669 1353 Ussing)
715 1273 881 1353 Quotumo
912 1269 962 1334 die
986 1291 1027 1334 ex
1050 1273 1184 1356 Sicyone
1208 1272 1270 1333 huc

204 1379 393 1464 pervenisti?
417 1379 529 1463 Harp.:
555 1378 667 1441 Altero
690 1377 729 1441 ad
755 1376 926 1441 meridiem.

310 1486 510 1548 Postremum
524 1504 744 1548 commemoro
757 1481 797 1547 ad
810 1504 881 1547 cum
895 1465 1052 1547 adiectivis
1065 1485 1268 1547 coniunctum

207 1601 240 1654 ut
263 1605 359 1671 97,15
392 1591 519 1655 saluber
554 1589 593 1653 ad
625 1612 737 1654 omnes
772 1612 831 1653 res.
870 1603 979 1666 101,7:
1009 1591 1128 1671 optima
1156 1597 1204 1651 est
1227 1585 1267 1651 ad

206 1699 336 1761 huiusce
359 1697 445 1761 modi
471 1698 590 1762 vulnus.
621 1700 749 1770 108‚12:
775 1696 804 1760 id
825 1707 872 1761 est
884 1698 1036 1781 optimum
1052 1693 1172 1759 adeam
1188 1714 1268 1758 rem.

203 1804 239 1867 cf.
270 1801 359 1887 Epid.
387 1818 463 1880 291:
499 1803 601 1878 Quem
626 1805 787 1867 hominem
811 1806 1007 1866 inveniemus
1039 1801 1078 1865 ad
1104 1822 1174 1865 eam
1199 1823 1269 1865 rem

202 1911 319 1974 utilem.
1058 1907 1061 1911 ’

310 2016 407 2098 Quod
437 2016 476 2080 ad
501 2021 628 2102 ponitur
657 2014 696 2078 de
720 2013 866 2078 remediis
890 2013 984 2077 etde
1008 2013 1269 2078 medicaminibus

203 2126 233 2186 in
258 2125 378 2187 morbis
410 2122 551 2186 adhibitis
574 2136 609 2188 ut
633 2127 717 2200 78,5.
759 2125 867 2186 vinum
893 2121 930 2184 ad
956 2123 1084 2186 isciacos
1107 2123 1150 2184 sic
1172 2122 1267 2200 facito

203 2240 234 2292 et
258 2231 365 2306 78,14.
395 2243 440 2305 15.
466 2241 551 2304 791.
571 2245 600 2305 5.
627 2230 770 2293 conferas
796 2227 953 2292 Handium
977 2229 1069 2291 Turs.
1089 2228 1101 2290 Ι
1122 2224 1269 2313 p.118.¹)

310 2330 348 2395 In
372 2333 553 2415 fragmentis
577 2337 649 2398 nihil
673 2347 729 2415 est,
753 2333 839 2417 quod
863 2333 902 2396 de
918 2335 1010 2396 huius
1029 2335 1270 2418 praepositionis

203 2461 261 2504 usu
286 2449 464 2504 memoratu
488 2438 616 2525 dignum
640 2444 684 2505 sit.

310 2545 520 2622 adversus,
544 2546 755 2613 adversum.

311 2657 381 2720 Hae
413 2655 528 2719 ambae
560 2655 682 2719 formae
705 2658 905 2719 inveniuntur
928 2657 1003 2717 item
1016 2664 1050 2717 ut
1065 2653 1093 2715 in
1107 2653 1269 2717 volumine

206 2765 308 2845 primo
333 2765 473 2844 corporis
496 2765 585 2825 inscr.
609 2763 661 2825 lat.
687 2772 717 2825 et
740 2765 770 2825 in
787 2764 844 2825 hac
861 2762 963 2824 solum
980 2761 1116 2826 formula
1130 2770 1269 2824 exstant:

205 2870 229 2929 si
252 2865 405 2930 adversus
428 2889 468 2930 ea
492 2872 560 2948 quis
580 2871 688 2932 lecerit
702 2868 788 2948 90,8.
813 2867 898 2945 9113.
923 2865 1267 2944 cf.1.1.L.1‚206,97:

206 2976 278 3058 quei
307 2971 456 3037 adversus
480 2996 519 3037 ea
543 2975 657 3038 lecerit.
682 2973 754 3037 ibid.
784 2988 842 3049 107
868 2973 999 3057 aliisque
1021 2975 1107 3037 locis.

310 3090 414 3162 aput

312 3197 388 3272 aput
411 3207 476 3250 uno
500 3197 621 3251 tantum
657 3188 730 3251 loco
754 3189 890 3250 occurrit
913 3199 1009 3265 50,13
1038 3207 1109 3250 cum
1134 3189 1164 3249 in
1187 3186 1269 3270 frag·

203 3297 316 3357 mentis
339 3296 442 3358 sexies
465 3297 649 3358 inveniatur.

310 3420 404 3464 curn.

309 3506 375 3569 lam
400 3518 494 3571 antea
510 3527 604 3590 quarn
621 3519 688 3570 arte
701 3508 789 3570 notio
801 3505 1043 3567 instrumentalis
1053 3524 1124 3567 cum
1137 3506 1268 3568 notione

204 3614 357 3676 sociativa
370 3615 548 3688 cohaereat,
572 3614 792 3697 cognovimus.
819 3607 894 3673 lnde
911 3611 1015 3673 mirari
1028 3631 1093 3674 non
1106 3609 1270 3689 debemus,

205 3716 291 3801 quod
316 3718 399 3803 apud
424 3721 543 3804 priscos
566 3722 733 3804 scriptores
757 3738 825 3780 cum
851 3718 1117 3801 praepositionem
1141 3719 1268 3802 saepius

205 3827 391 3900 invenimus,
410 3827 462 3889 ubi
473 3847 579 3889 merus
595 3826 750 3889 ablativus
765 3827 961 3890 instrumenti
974 3826 1149 3910 posteriore
1162 3834 1267 3887 aetate

311 3980 333 4051 ¹)
354 3985 392 4036 Cf.
413 3990 544 4048 praeterea
564 3984 716 4035 Wilmanns.
735 3986 863 4048 Exempla
892 3984 967 4034 inser.
993 3986 1037 4039 lat.
1058 3989 1126 4040 2755
1145 3999 1202 4048 sqq.
1223 3984 1267 4032 ubi

204 4079 304 4123 exstant
323 4074 453 4138 signacula
472 4073 632 4124 medicorum
652 4073 834 4124 oculatiorum.
