2766 4628
670 267 711 334 13

574 497 621 573 De
643 498 805 593 genetivo.

267 660 339 725 Non
371 664 504 727 multum
533 661 573 726 de
600 666 693 727 huius
720 684 811 728 casus
841 684 900 727 usu
930 664 960 727 in
985 663 1114 727 Catonis
1141 663 1222 727 libro

158 763 325 832 dicendum
339 780 395 835 est.
427 771 614 834 Genetivum
626 772 700 852 poni
712 782 784 855 post
800 769 958 835 studiosus
970 773 997 847 (1
1009 784 1052 845 1‚1
1063 771 1099 850 1.)
1110 769 1223 852 plenus

158 874 260 955 (63,7)
291 884 347 939 aut
378 879 511 940 verbnm
539 875 753 941 condemnare
786 874 912 960 (11‚1t)
940 880 994 939 vix
1023 896 1218 940 commemo-

158 982 284 1046 ratione
318 980 446 1065 dignum
479 986 525 1047 sit.
584 984 663 1047 Item
702 983 787 1065 quod
818 985 952 1047 verbum
984 983 1114 1067 implere
1148 1002 1221 1045 cum

155 1091 305 1174 genetivo
324 1088 548 1174 coniungiturll
564 1109 606 1152 ex
623 1089 724 1154 Plauti
754 1087 926 1153 comoediis
941 1099 1110 1171 pernotum
1134 1085 1221 1172 est2)

159 1195 275 1259 Similis
294 1194 394 1280 ·quod
424 1195 507 1281 apud
540 1199 678 1262 comicos
706 1216 832 1279 semper
865 1216 938 1260 cum
966 1198 1116 1280 genetivo
1147 1197 1223 1279 poni

158 1301 346 1365 Ritsehelius
373 1302 491 1384 Opust.
529 1303 603 1387 phil.
638 1304 667 1368 ll
704 1323 733 1386 p.
765 1316 827 1380 572
863 1301 1104 1377 demonstravit,
1139 1300 1222 1384 apud

159 1408 315 1472 Catonem
351 1428 423 1471 cum
455 1406 561 1473 dativo
584 1412 783 1474 coniunctum
807 1411 980 1494 reperimus
1004 1408 1096 1485 50‚6:
1126 1429 1223 1493 quarn

158 1515 346 1578 simillimum
374 1536 474 1598 genus
510 1528 610 1580 terrae
641 1537 708 1591 eae,
737 1517 790 1579 ubi
823 1517 943 1579 semina
969 1517 1129 1600 positurus
1152 1517 1220 1578 eris.

160 1618 224 1684 Sed
254 1620 396 1685 conferas
424 1624 502 1686 Eun.
534 1626 595 1686 Sat.
624 1645 653 1685 v.
682 1635 725 1701 45
753 1620 817 1703 (ed.
846 1621 986 1703 Vahlen)
1009 1623 1105 1685 Simia
1128 1641 1224 1705 quam

159 1726 266 1790 similis
300 1731 479 1813 turpissima
514 1730 612 1792 bestia
647 1730 748 1792 nobis.
809 1728 886 1791 ltem
921 1748 961 1790 ne
996 1746 1159 1790 moremur
1192 1729 1223 1790 in

159 1854 219 1898 usu
244 1837 380 1918 genetivi
407 1835 565 1920 qualitatis
588 1832 784 1898 disserendo.
830 1835 935 1918 Digna
957 1835 995 1897 sit
1029 1854 1224 1897 commemo-

157 1941 279 2005 ratione
302 1942 551 2025 frequentissima
575 1943 712 2026 genetivi
736 1943 871 2026 partitivi
894 1942 947 2025 qui
978 1950 1109 2004 vocatur
1134 1959 1223 2004 usur-

158 2050 256 2132 patio,
301 2046 373 2112 Non
397 2050 481 2111 enim
497 2045 651 2112 einsmodi
667 2048 806 2132 vulgaria
826 2056 951 2111 exstant
975 2056 1009 2110 ut
1024 2043 1097 2130 quid
1116 2047 1223 2130 operis

159 2154 283 2235 (1a11-
310 2155 346 2220 cf·
375 2169 478 2233 uns·
503 2168 609 2234 eone·
634 2153 1222 2234 anu·41‚7·55‚3·58‚18·90‚16·

159 2274 245 2339 949.
280 2263 386 2342 98,15.
423 2275 509 2340 999.
549 2277 652 2338 100,1.
692 2274 815 2337 101,11.
856 2253 975 2343 roan.)
1011 2256 1117 2323 damni
1149 2260 1224 2323 nihl

160 2364 274 2452 (15,14
298 2368 335 2431 el.
365 2383 434 2449 101,
457 2363 504 2452 9.)
529 2368 616 2431 lructi
633 2368 702 2452 plus
725 2368 813 2447 (16‚8
837 2365 874 2428 cf.
900 2362 999 2446 579)
1023 2368 1127 2430 oneris
1150 2369 1224 2431 satis

159 2479 276 2557 (31,12.
302 2477 339 2539 cl.
364 2471 463 2557 759.)
508 2474 602 2538 oleae
633 2495 729 2558 quam
758 2474 926 2560 plurimum
958 2467 1049 2553 (55‚6
1079 2473 1115 2536 cf.
1139 2486 1225 2551 55,7.

165 2584 212 2648 16.
252 2595 360 2658 57‚10.
397 2595 483 2658 72,2.
516 2592 588 2658 77,2
625 2577 711 2664 (bis.)
742 2582 850 2659 98‚16.
883 2595 991 2661 poro.
1026 2582 1114 2665 trgm.
1149 2583 1223 2661 78,5

160 2691 292 2754 multum
322 2684 450 2774 somni),
483 2685 540 2753 sed
571 2689 665 2751 etiam
701 2689 780 2751 baec
807 2688 1023 2753 insolentiora:
1054 2698 1131 2765 45,5
1159 2690 1223 2751 hoc

160 2798 238 2880 signi
266 2798 333 2860 erit.
362 2796 463 2872 65,16
488 2793 517 2859 id
547 2797 624 2879 signi
648 2796 715 2858 erit.
747 2795 894 2879 Denique
916 2816 981 2858 non
1004 2795 1223 2879 praetermitto

166 2916 260 2980 13,to
282 2901 431 2986 postridie
461 2903 527 2964 eius
552 2900 621 2976 diei,
650 2903 703 2964 ubi
721 2923 787 2966 non
810 2909 844 2963 ut
867 2898 941 2965 dicit
964 2899 1106 2964 Handius
1129 2900 1221 2964 Turs.

159 3007 209 3074 IV
232 3030 261 3093 p.
284 3020 346 3084 511
381 3009 546 3092 genetivus
569 3029 588 3069 e
610 3007 767 3070 vocabulo
794 3015 915 3071 tantum
940 3005 989 3070 die
1011 3005 1138 3089 pendet,
1166 3005 1223 3070 sed

160 3137 179 3178 e
202 3126 271 3180 toto
294 3115 451 3179 vocabulo
479 3111 628 3198 postridie
658 3123 691 3177 ut
718 3111 747 3176 id
772 3115 861 3197 quasi
888 3113 1042 3177 ablativus
1070 3115 1161 3176 unius
1185 3115 1223 3176 sit

160 3223 353 3298 substantivi,
379 3223 427 3284 eui
450 3223 496 3284 vis
520 3222 598 3284 inest
622 3219 678 3283 der
702 3217 849 3304 folgende
872 3215 982 3302 Tag.3)

266 3383 315 3444 Sic
346 3383 438 3464 igitur
471 3379 608 3464 genetivi
640 3398 715 3442 usus
747 3378 820 3442 nihil
854 3376 940 3462 quod
968 3381 1006 3441 sit
1039 3379 1222 3443 insolentius

161 3489 302 3573 praebet.
354 3485 454 3550 Aliter
481 3507 532 3548 res
565 3506 599 3549 se
628 3487 721 3548 habet
749 3482 835 3570 quod
865 3482 904 3548 ad
933 3483 1071 3549 dativum
1101 3488 1221 3563 attinet,

160 3592 200 3658 ad
223 3614 320 3678 quem
344 3612 428 3656 nune
451 3593 603 3655 venimus.

267 3907 288 3975 1)
307 3906 384 3966 65,13
398 3910 549 3972 amphoram
562 3910 658 3973 inpleto
677 3925 758 3974 aquae
771 3925 860 3976 purae.
874 3912 943 3969 969,
964 3927 1007 3961 eas
1021 3912 1096 3961 faecis
1110 3912 1217 3974 inplete.

267 3993 288 4063 2)
307 3998 338 4048 ci.
357 3997 420 4046 Brix
439 3997 471 4046 ad
490 3998 560 4051 Men.
580 4005 641 4053 901.

265 4083 289 4151 ³)
309 4085 340 4136 cf.
360 4085 484 4136 Kuehner
503 4083 603 4137 Latein.
625 4090 737 4138 Gramm.
757 4090 769 4138 1
788 4083 804 4152 ἓ
825 4093 883 4142 231.
907 4088 977 4144 Anm¹
1003 4095 1025 4142 ι,
