2766 4628
669 267 710 331 12

157 449 199 511 ita
221 465 279 528 per
301 456 404 511 toturn
427 444 549 510 librum.
594 444 839 512 Animadvertas
873 457 979 512 autem
1014 467 1109 534 quam
1145 467 1220 511 con-

157 561 276 616 stanter
302 556 381 616 haec
410 561 579 628 structura,
611 574 695 638 quae
724 554 775 618 vel
806 557 983 636 posteriore
1012 563 1117 619 aetate
1147 556 1221 618 satis

155 679 229 723 raro
252 661 406 740 exstabat,
429 669 555 724 servata
577 662 624 724 sit.

402 872 431 948 c)
455 871 505 935 De
529 875 708 937 accusativo
732 893 804 937 cum
827 872 989 937 infinitivo

264 995 411 1078 Sequitur
441 1005 476 1058 ut
508 993 551 1059 de
580 997 760 1061 accusativo
792 1016 864 1060 cum
892 996 1043 1060 infinitivo
1079 1015 1220 1080 agamus.

157 1099 241 1163 Eum
264 1121 329 1165 non
352 1099 450 1167 modo
474 1113 547 1186 post
568 1104 666 1166 verba
681 1099 834 1167 sentiendi
848 1111 881 1165 et
895 1100 1080 1167 declaranda
1097 1113 1220 1187 etopus

157 1215 220 1282 est,
244 1216 387 1288 oportet,
416 1211 564 1272 convenit
593 1205 698 1293 (20,5)
728 1206 855 1290 expedit
878 1205 998 1293 (15,8)‚
1026 1206 1082 1273 sed
1114 1212 1219 1285 etiam,

158 1313 245 1399 quod
269 1324 317 1378 est
340 1315 536 1394 insolentius,
569 1325 643 1397 post
665 1325 790 1398 tempus
817 1324 864 1379 est
887 1312 1056 1397 (41‚2.)1),
1090 1326 1138 1381 sat
1173 1325 1221 1380 est

158 1421 279 1501 (67,11)
297 1442 362 1485 non
380 1433 427 1484 est
444 1424 573 1486 nimium
584 1423 682 1502 (55,4)
691 1425 830 1505 positum
849 1443 929 1501 esse,
952 1444 1220 1487 commemorasse

157 1527 296 1592 sufficiat.
343 1529 493 1592 Seorsum
523 1539 617 1605 not0,
655 1530 755 1592 verbo
783 1531 939 1613 imperare
967 1532 1042 1609 87,5
1070 1532 1220 1594 accusati-

157 1655 234 1698 vum
259 1656 331 1699 cum
356 1634 507 1699 infinitivo
534 1632 715 1698 adiunctum
745 1654 832 1700 esse:
862 1637 983 1720 impera
1008 1636 1220 1701 suovitaurilia

157 1742 329 1825 circumagi.
375 1739 472 1826 Apud
496 1744 596 1827 prisos
619 1752 764 1807 auctores
787 1740 817 1806 id
840 1762 906 1807 non
929 1745 1032 1808 inveni
1055 1746 1111 1808 nisi
1133 1742 1220 1826 apud

156 1846 340 1912 Terentium
375 1847 456 1911 Eun.
487 1861 566 1924 252:
603 1860 767 1933 postremo
801 1850 951 1930 imperavi
983 1860 1111 1935 egomet
1144 1852 1220 1914 mihi

157 1955 274 2019 Omnia
301 1951 465 2018 adsentari.
500 1966 533 2018 et
555 1953 640 2039 apud
662 1956 846 2019 Lucretium
869 1955 995 2034 V,672:
1029 1954 1094 2019 Nec
1117 1957 1219 2019 minus

157 2064 187 2126 in
212 2072 301 2127 certo
325 2059 435 2125 dentes
459 2059 574 2125 cadere
597 2064 730 2146 imperat
753 2073 843 2127 aetas
866 2063 1037 2144 Tempore.

264 2166 297 2233 Id
326 2165 412 2253 quod
443 2171 582 2233 maxime
616 2171 691 2233 mihi
724 2169 863 2233 notabile
893 2171 924 2232 in
951 2169 1117 2233 accusativi
1146 2188 1217 2230 cum

158 2275 308 2339 infinitivo
338 2295 397 2338 usu
432 2273 553 2339 videtur
585 2277 752 2340 accusativi
785 2284 832 2338 est
863 2275 1039 2350 collocati0‚
1069 2295 1165 2358 quam
1189 2277 1220 2338 in

157 2383 313 2447 nonnullis
341 2383 495 2466 exemplis
524 2381 722 2447 offendimus.
773 2381 823 2446 Ex
853 2401 916 2463 qua
942 2381 1129 2464 intellegitur
1152 2391 1219 2445 tum

157 2491 368 2553 accusativum
391 2486 533 2553 nondum
557 2499 593 2553 ut
615 2490 792 2553 subiectum
816 2487 954 2553 infinitivi
976 2485 1033 2551 sed
1056 2498 1091 2551 ut
1114 2489 1220 2551 obiec-

157 2606 225 2660 tum
255 2599 341 2660 verbi
369 2596 507 2679 regentis
534 2598 705 2681 cogitatum
735 2616 818 2659 esse:
848 2608 951 2676 105,4:
986 2596 1048 2658 cito
1076 2604 1107 2658 te
1135 2593 1222 2656 intel-

156 2703 243 2787 leges
277 2703 345 2787 plus
379 2700 496 2766 audire.
560 2703 642 2780 169:
673 2701 820 2765 familiam
855 2721 896 2764 ne
928 2701 1036 2763 siveris
1080 2719 1220 2784 peccare.

157 2811 246 2893 lrgm.
276 2822 364 2886 27,4:
394 2830 456 2892 ego
484 2830 536 2871 me
570 2828 652 2872 nunc
685 2808 759 2871 volo
795 2809 841 2870 ius
876 2805 1068 2891 pontificium
1102 2808 1221 2890 optime

156 2918 244 2980 scire.

266 3020 463 3104 Relinquitur
491 3030 526 3084 ut
552 3021 767 3084 accusativum
801 3020 832 3083 in
860 3019 1010 3100 temporis
1040 3019 1221 3082 notionibus

158 3148 421 3205 commemorem,
448 3128 561 3211 quibus
584 3146 649 3189 non
677 3128 868 3210 perpetuitas
898 3123 954 3189 sed
977 3132 1076 3189 unum
1099 3134 1222 3188 tantum

157 3248 309 3323 punctum
349 3236 499 3317 temporis
537 3235 729 3316 exprimitur.
784 3232 872 3297 Haec
907 3231 996 3296 dico:
1035 3245 1144 3310 29,13:
1184 3253 1221 3294 ea

157 3365 241 3430 quae
276 3363 385 3407 semen
419 3340 517 3405 viride
556 3351 587 3405 et
630 3351 787 3404 maturum
823 3341 919 3404 habet
955 3335 997 3422 (id
1035 3357 1145 3400 semen
1180 3333 1220 3398 de

157 3471 318 3534 cupresso,
349 3447 389 3511 de
415 3451 490 3530 pino
517 3445 640 3533 quidvis
668 3449 741 3511 anni
763 3446 868 3529 legere
895 3440 1010 3529 possis)
1035 3445 1108 3506 item
1133 3439 1220 3526 quid·

159 3559 206 3634 vis
238 3557 309 3621 anui
341 3565 465 3619 matura
492 3565 540 3618 est
578 3565 609 3618 et
645 3553 842 3634 tempestiva.
902 3550 1066 3615 Conferas:
1102 3549 1219 3631 Amph.

165 3677 225 3743 154
248 3665 301 3747 qui
331 3664 393 3725 hoc
425 3663 525 3725 noctis
552 3663 638 3725 solus
663 3658 833 3723 ambulem.
858 3654 928 3721 ibid.
966 3655 1047 3733 163b
1081 3658 1134 3740 qui
1158 3657 1221 3720 hoc

159 3771 260 3834 noctis
296 3766 326 3831 A
366 3777 456 3852 porte
495 3765 569 3830 med
610 3766 746 3849 ingratiis
783 3765 939 3828 excitavit.
975 3764 1005 3827 cf
1034 3762 1105 3827 ibid.
1144 3776 1219 3842 310.

160 3876 251 3940 Cure.
282 3890 307 3937 1.
332 3873 420 3938 Asin.
446 3873 469 3949 l,
498 3887 523 3936 1.
548 3873 600 3949 56.
626 3872 699 3935 Ter.
724 3872 838 3935 Heaut.
868 3884 938 3935 110.

157 4017 371 4027 —-..-—-—

266 4086 287 4153 1)
308 4088 338 4137 cf.
360 4086 442 4139 Andr.
461 4085 527 4146 631:
546 4090 659 4149 tempust
678 4083 805 4149 promissa
825 4085 876 4135 iarn
895 4083 989 4148 perlici.
