2766 4628
668 278 708 339 22

154 457 250 520 sacias
290 474 419 537 porcam
460 450 701 538 praecidaneam
738 457 799 518 hoc
837 451 935 519 modo
973 454 1041 518 fieri
1079 462 1217 536 oportet.

156 562 265 625 Cereri
297 581 397 645 porco
431 560 560 641 semina,
598 563 780 646 priusquam
814 562 909 624 hasce
947 560 1053 646 fruges
1091 558 1217 625 condas.

155 669 297 752 Itemque
331 668 477 752 praefari:
511 666 624 747 82,13:
658 665 750 730 Auro
785 668 859 730 vino
889 667 969 752 Jano
1002 668 1074 754 Jovi
1101 668 1218 753 Junoni

154 775 305 859 praefato.
354 771 443 855 879:
467 774 580 857 Janum
595 774 776 859 lovemque
793 772 869 836 vino
884 774 1087 858 praefamino.
1135 774 1218 839 Con-

156 882 237 944 feras
269 900 403 964 quaeso:
440 878 485 942 ΡΙ.
509 881 600 943 Stich.
630 891 710 955 251:
750 889 828 962 quot
860 881 948 963 agnis
982 879 1119 943 fecerat?
1164 879 1219 943 Illa

156 984 285 1072 quidem
308 986 427 1050 nullum
451 983 646 1050 sacrificavit.
694 986 775 1049 Eun.
791 986 860 1069 srag
875 1007 906 1049 v.
923 987 963 1051 61
979 985 1035 1066 (ed
1049 985 1216 1070 Vahlen.):

158 1093 402 1158 Exsacrificabat
425 1094 534 1156 hostiis
556 1092 742 1156 balantibus.
767 1091 934 1157 -Notus
957 1104 1005 1157 est
1027 1093 1150 1157 ablativi
1175 1095 1219 1158 in·

157 1202 322 1265 strumenti
355 1219 431 1262 usus
463 1200 493 1262 in
522 1197 675 1263 eiusmodi
708 1197 912 1263 dictionibus:
946 1213 1037 1278 93,7:
1074 1198 1220 1263 dominus

158 1309 233 1371 vino
261 1304 336 1391 quid
362 1306 448 1368 volet
476 1305 567 1368 saciet
597 1306 632 1368 cl.
662 1320 769 1384 93‚17.
817 1306 917 1370 Plaut.
942 1302 1056 1370 Pseud.
1081 1305 1104 1380 I,
1134 1305 1217 1370 186:

159 1411 222 1477 Sed
246 1410 320 1497 quid
343 1433 381 1474 ea
405 1409 576 1475 draclruma
600 1413 703 1475 lacere
727 1414 783 1476 vis.
823 1413 915 1477 blost.
933 1413 984 1488 ΙΙΙ,
1003 1412 1111 1476 1.106:
1135 1409 1218 1493 Quid

159 1529 229 1583 eost
238 1528 372 1603 argento
381 1520 505 1583 lactum.
540 1518 806 1596 Truc.1v‚3,25:
824 1517 898 1604 quid
921 1515 1219 1604 eolecistipuero.1)

108 1703 113 1710 ,
265 1626 416 1689 Ablativo
440 1634 512 1709 post
534 1627 634 1688 verba
656 1627 700 1687 uti
715 1636 747 1688 et
763 1626 820 1689 lrui
838 1628 942 1710 posito
957 1628 1031 1689 item
1047 1628 1093 1689 vis
1110 1628 1220 1690 instru-

159 1733 302 1798 mentalis
325 1733 399 1817 quin
424 1733 502 1812 insit,
525 1752 621 1795 nemo
645 1741 701 1811 est,
725 1733 777 1816 qui
801 1729 929 1795 dubitet.
977 1733 1084 1797 Prisco
1112 1743 1221 1797 autem

158 1842 189 1905 in
206 1860 353 1903 sermone
365 1841 489 1923 saepius
507 1840 604 1901 verba
621 1839 670 1901 illa
685 1859 755 1901 curn
779 1840 957 1902 accusativo
982 1841 1221 1923 coniunguntur.

160 1944 257 2028 Apud
273 1945 429 2009 Catonem
452 1946 562 2008 ambas
585 1946 832 2008 constructiones
856 1948 968 2008 mixtas
991 1947 1166 2010 invenimus
1189 1955 1224 2009 ut

165 2051 273 2131 16,14:
306 2052 393 2116 bona
427 2050 585 2133 disciplina
617 2060 721 2114 utatur
755 2052 866 2127 68‚17:
901 2049 1015 2114 eodem
1046 2053 1076 2115 in
1109 2073 1222 2116 omnes

162 2155 370 2242 quadripedes
380 2159 458 2222 utito
481 2158 569 2234 58,3:
588 2180 663 2220 vaso
678 2160 802 2220 aheneo
820 2177 924 2242 neque
940 2159 1056 2221 nucleis
1064 2156 1104 2222 ad
1114 2159 1221 2222 oleum

161 2287 203 2328 ne
226 2274 339 2328 utatur.
390 2266 498 2340 102,8:
523 2266 739 2349 proportione
752 2265 889 2326 brassica
901 2266 925 2326 si
941 2267 1045 2328 uteris
1090 2278 1159 2342 104,
1169 2279 1179 2327 t
1191 2280 1220 2328 1:

161 2380 267 2434 utatur
280 2372 427 2434 unctione
447 2384 575 2448 104‚12:
594 2368 711 2433 diutina
722 2367 900 2433 valetudine
912 2381 1016 2434 utetur
1029 2371 1117 2453 frgm.
1135 2372 1221 2446 16‚8:

161 2477 261 2541 multo
284 2478 447 2560 pulmento
471 2479 517 2541 usi
541 2489 636 2555 742:
670 2478 745 2563 Jure
777 2479 847 2559 lege
870 2477 1012 2541 libertate
1035 2499 1076 2539 ne
1099 2478 1224 2561 publica

162 2586 371 2648 communiter
397 2585 443 2647 uti
475 2592 615 2666 oportet;
645 2584 744 2666 gloria
778 2592 873 2667 atque
906 2584 1029 2647 bonore
1058 2581 1223 2666 quomodo

161 2693 218 2755 sibi
241 2693 374 2775 quisque
398 2686 549 2774 stmxitfl)
596 2688 804 2753 Accusativus
828 2690 875 2751 his
892 2699 994 2753 exstat
1013 2691 1103 2753 locis:
1129 2702 1222 2766 77‚1:

163 2797 277 2860 Olearn
293 2796 395 2861 albam
418 2817 514 2879 quam
534 2794 709 2859 secundum
727 2793 916 2859 vindemiam
941 2798 983 2858 uti
1008 2796 1104 2859 voles.
1133 2798 1221 2873 78,7:

161 2913 274 2987 postea
297 2900 325 2965 id
350 2906 429 2967 utito
445 2905 507 2967 vini
530 2906 687 2987 cyathum.
734 2904 824 2979 893:
850 2899 1014 2984 quomodo
1034 2903 1156 2966 vilicarn
1182 2905 1224 2966 uti
1291 2963 1295 2971 .

164 3019 298 3092 oportet.
345 3011 434 3087 89,7:
465 3011 580 3073 vicinas
608 3010 746 3093 aliasque
774 3008 920 3071 mulieres
943 3028 1037 3092 quam
1062 3009 1224 3072 minimum

163 3127 278 3181 utatur.
330 3128 463 3191 102‚12:
498 3116 578 3179 haec
613 3118 638 3180 si
666 3117 767 3179 uteris.
811 3115 900 3199 lrgm.
927 3128 1019 3192 73,1:
1044 3112 1144 3199 siquid
1168 3125 1225 3202 est,

164 3221 249 3307 quod
273 3233 352 3300 utar,
376 3233 463 3306 utor;
492 3225 516 3286 si
539 3244 603 3287 non
628 3232 688 3298 est,
718 3241 810 3306 egeo
834 3242 927 3286 sunm
957 3225 1069 3306 cuique
1092 3242 1149 3306 per
1170 3242 1223 3283 me

162 3335 207 3395 uti
235 3340 330 3416 atque
364 3331 423 3394 lrui
456 3330 535 3394 licet.
583 3351 606 3393 r.
631 3342 790 3408 r.93,21:
824 3330 974 3415 pabulum
1003 3329 1059 3391 lrui
1091 3326 1225 3410 occipito

164 3459 206 3501 ex
228 3438 299 3501 Kal.
326 3438 573 3518 Septembribus.
621 3436 700 3499 Item
735 3437 834 3499 abuti:
870 3434 962 3515 62,1:
992 3432 1094 3496 donec
1128 3453 1225 3496 omne

164 3566 292 3609 caseum
315 3564 388 3607 cum
410 3544 503 3607 melle
526 3545 643 3607 abusus
666 3537 761 3621 eris.3)
924 3534 927 3542 ’

270 3721 291 3788 1)
310 3725 388 3774 Plura
408 3723 526 3786 exempla
544 3720 629 3770 attulit
648 3721 709 3770 Brix
728 3719 769 3768 ad.
787 3714 853 3768 Trin.
872 3732 897 3771 v,
920 3725 978 3777 157.

270 3807 293 3877 2)
312 3812 372 3862 Huc
392 3811 468 3860 etiam
488 3810 615 3873 pertinent
627 3808 765 3871 enuntiata,
783 3808 807 3856 in
828 3805 920 3871 quibus
939 3805 1090 3870 adverbium
1104 3807 1148 3870 qui
1165 3820 1227 3870 pen·

164 3896 208 3945 det
228 3898 342 3946 e‘verbo
362 3898 412 3948 uti:
431 3906 458 3947 ut
479 3896 550 3954 20,6:
570 3897 676 3947 domino
695 3897 741 3946 erit
759 3895 800 3959 qui
821 3901 908 3944 utatur
927 3895 957 3944 cl.
978 3901 1064 3952 70,11.

269 3981 291 4053 3)
310 3987 351 4036 De
378 3987 468 4036 horum
497 3985 635 4035 verborum
662 3983 853 4034 constructione
886 3982 1006 4032 Plautina
1038 3979 1071 4032 cf.
1101 3982 1162 4032 Brix
1194 3982 1227 4031 ad

164 4072 234 4124 Trin.
254 4090 279 4124 v.
301 4085 323 4125 1.
