2766 4628
673 257 712 320 81

158 444 331 519 propterea
351 434 633 519 interrogationum
670 435 869 520 obliquarum
898 439 1035 522 speciem
1064 440 1225 523 praebeat,

160 539 246 626 quod
271 562 389 604 nomen
412 543 641 605 substantivum
666 563 722 626 per
744 544 964 607 attractionem
998 566 1039 608 ex
1064 548 1226 610 enuntiato
1315 604 1316 608 ,

160 647 410 711 demonstrativo
434 649 464 710 in
488 648 654 712 relativum
678 659 841 739 receptum
872 652 910 714 sit
933 661 968 714 ut
991 651 1034 714 Pl.
1059 651 1142 716 Men.
1161 653 1226 730 685
1260 643 1271 655 '¹

160 753 264 819 Video
298 775 394 839 quam
427 775 495 817 rem
527 757 593 838 agis
620 781 657 808 =
684 752 777 818 video
801 777 869 819 rem
893 777 989 840 quam
1017 757 1095 839 agis.
1143 757 1227 839 Quid

158 871 266 926 autem
297 863 354 923 sibi
382 860 489 924 vellet:
520 880 633 945 agrum
661 862 691 924 in
714 882 780 946 quo
803 864 928 926 vineam
953 865 1075 927 conseri
1099 875 1227 948 oportet

159 970 202 1030 sic
226 969 419 1031 observato?
458 966 531 1032 Non
554 989 630 1048 ager
652 978 699 1030 est
720 967 940 1032 observandus
964 972 995 1033 in
1019 991 1084 1054 quo
1100 973 1225 1034 vineam

158 1077 281 1138 conseri
304 1084 432 1157 oportet
455 1071 511 1136 sed
541 1072 772 1137 observandum
797 1086 844 1139 est
861 1078 973 1160 inquo
998 1097 1077 1160 agro
1099 1078 1226 1142 vineam

159 1182 280 1244 conseri
304 1189 462 1264 oporteat.
508 1181 564 1244 Est
593 1181 685 1263 igitur
713 1182 791 1245 haec
814 1203 892 1246 vera
920 1184 1124 1267 interrogatio
1149 1185 1225 1247 obii-

159 1307 231 1371 qua,
257 1307 363 1370 neque
387 1285 519 1350 dubitari
543 1285 638 1350 debet
662 1289 736 1371 quin
759 1291 914 1352 recentior
942 1286 1068 1373 quidam
1092 1292 1225 1374 scriptor

158 1396 189 1456 in
212 1413 252 1455 ea
275 1395 508 1457 coniunctivum
531 1395 691 1478 positurus
713 1395 814 1458 fuerit.
849 1394 882 1458 A
899 1396 1022 1459 Catone
1039 1393 1103 1459 duo
1127 1417 1225 1460 enun-

157 1505 231 1568 tiata
253 1503 441 1583 paratactice
472 1503 574 1584 posita
603 1511 675 1563 sunt
705 1509 737 1563 et
769 1511 939 1585 utrumque
962 1503 1142 1566 membrum
1166 1524 1224 1588 per

158 1631 192 1673 se
225 1609 423 1691 intellegitur:
464 1606 533 1670 Ans
560 1607 713 1670 welchem
737 1604 835 1671 Felde
868 1629 943 1672 man
974 1606 1025 1672 die
1048 1609 1225 1673 Weinrebe

157 1716 303 1801 pflanzen
326 1735 427 1796 muss;
452 1715 535 1777 hatte
551 1710 699 1796 folgende
715 1713 820 1796 Regel
834 1715 902 1778 fest.
938 1713 1001 1777 Sed
1019 1715 1051 1778 in
1073 1725 1224 1799 promptu

159 1832 205 1885 est
243 1823 273 1884 in
305 1822 504 1905 inscriptione
542 1821 584 1883 ita
615 1820 716 1883 multo
751 1821 868 1884 facilius
906 1822 1037 1904 cogitari
1075 1823 1224 1905 potuisse,

157 1949 253 2014 quam
276 1926 358 1991 aiibi.
407 1927 516 2007 Itaque
540 1927 634 1989 etiam
658 1939 758 2004 4230
780 1925 956 1990 secundum
973 1924 1116 1990 codicem
1139 1926 1169 1989 A
1193 1930 1224 1992 in

157 2045 247 2100 textu
270 2030 454 2119 ponendum
479 2053 549 2096 esse
573 2052 705 2095 cenceo:
737 2034 829 2114 Quae
852 2033 935 2097 maia
957 2035 988 2095 in
1012 2044 1120 2117 segete
1143 2044 1224 2096 sunt.

159 2163 231 2205 cum
254 2141 374 2205 Keilius
402 2136 527 2203 codices
551 2138 592 2203 V.
616 2139 636 2200 b
660 2149 787 2202 secutus
810 2141 870 2202 sint
892 2141 1056 2223 scripserit.
1104 2139 1224 2204 Maiore

158 2251 224 2311 iure
247 2268 320 2311 mea
343 2243 470 2330 quidem
493 2247 648 2310 sententia
670 2247 733 2309 hoc
756 2245 829 2310 loco
853 2243 987 2310 dubitari
1000 2243 1107 2309 debet:
1133 2248 1221 2323 76‚7:

158 2355 284 2431 „lentim
300 2350 464 2436 quomodo
480 2353 599 2418 servari
615 2356 781 2437 oporteat“
806 2354 859 2416 ubi
884 2350 1007 2417 codices
1031 2353 1109 2416 haec
1133 2374 1223 2436 prae·

158 2462 245 2523 beot:
279 2469 425 2541 oporteat
457 2459 491 2522 P.
516 2479 542 2522 c.
567 2460 586 2522 s.
620 2467 746 2543 oportet
779 2459 811 2522 A
845 2461 1004 2542 oportebit
1028 2460 1057 2521 b.
1103 2459 1223 2522 Keilius

157 2575 192 2628 ut
214 2566 332 2649 ubique
356 2565 380 2628 P
404 2576 532 2629 secutus
556 2576 613 2630 est.

268 2672 420 2752 Conieras
452 2669 589 2755 denique
623 2673 712 2756 frgm.
748 2684 859 2749 23‚13:
893 2672 1074 2754 „Cogitate,
1103 2682 1222 2755 quanto

155 2801 214 2842 nos
237 2781 317 2849 inter
340 2799 400 2842 nos
423 2780 563 2862 privatim
588 2780 709 2843 cautius
724 2779 875 2853 iacimus“
900 2779 954 2840 ubi
977 2775 1157 2842 indicativus
1181 2800 1223 2842 eo

156 2886 242 2950 facile
275 2885 465 2969 explicatur,
505 2883 592 2969 quod
623 2886 819 2949 enuntiatum
857 2881 1079 2948 secundarium
1120 2887 1223 2948 minus

155 2994 409 3076 interrogationis
434 3011 530 3076 quam
554 2991 791 3055 exclamationis
814 3011 946 3054 munere
970 2992 1116 3074 fungitur.

449 3216 480 3279 3·
502 3197 551 3271 De
574 3199 755 3273 enuntiatis
778 3197 937 3272 relatiuis.

269 3311 349 3374 Cum
369 3330 444 3372 num
461 3330 572 3373 verum
589 3314 637 3386 sit,
662 3309 749 3394 quod
765 3308 947 3374 Paetzoltus
963 3310 994 3371 iu
1010 3306 1221 3394 disputatione

156 3415 196 3480 de
228 3418 396 3486 enuntiatis
419 3415 570 3497 relativis,
603 3419 651 3480 cui
682 3418 833 3501 inscripsit
856 3416 1022 3498 „Beitrtige
1045 3436 1102 3479 zur
1125 3418 1220 3482 histo-

156 3525 279 3587 rischen
302 3526 422 3607 Syntax
454 3521 510 3588 der
541 3524 745 3587 lateinischen
768 3524 938 3606 Sprache“.
985 3520 1221 3607 (Waldenburg

161 3627 257 3714 1875)
282 3652 311 3714 p.
330 3646 360 3709 4.
387 3632 592 3706 asseveravit,
617 3629 760 3694 relativas
783 3630 899 3693 scilicet
921 3629 1091 3693 sententias
1114 3632 1218 3714 primi-

155 3747 206 3800 tus
230 3739 325 3801 [uisse
349 3758 453 3801 meras
476 3738 751 3819 interrogationes
776 3737 818 3799 ita
850 3746 885 3799 ut
915 3733 979 3799 duo
1003 3735 1053 3799 illa
1076 3738 1221 3800 membra

156 3846 306 3907 enuntiati
328 3846 516 3929 paratactice
533 3865 603 3907 sese
619 3844 782 3923 haberent,
807 3839 974 3906 diiudicare
993 3862 1058 3905 non
1074 3840 1220 3920 audeam,

156 3954 264 4035 negari
296 3972 363 4015 non
386 3960 506 4036 potest,
542 3950 780 4013 affirmationem
805 3969 877 4012 eam
899 3945 994 4011 valde
1017 3949 1219 4032 comprobari

155 4079 196 4120 eo
221 4056 307 4142 quod
323 4061 353 4122 in
369 4059 585 4142 antiquissimo
609 4076 757 4119 sermone
772 4055 895 4120 formae
910 4056 1103 4139 pronominis
1126 4057 1219 4120 inter-

999 4173 1016 4226 6
