2766 4628
668 278 708 341 78

156 457 278 539 depsito
314 460 412 538 bene,
446 459 519 521 oleo
555 478 683 521 manum
718 459 863 541 unguit0,
901 459 1035 542 primum
1072 459 1222 543 pusillum

156 576 268 649 postea
287 568 385 648 magis
410 563 551 650 depset,
576 566 649 628 oleo
673 566 793 647 tangito
817 561 1004 648 depsitoque
1029 562 1104 628 dum
1128 568 1222 648 pote·

157 675 194 735 rit
218 673 322 735 iacere
344 656 507 735 iurundas.
555 669 679 734 Eodem
697 668 794 734 modo
820 673 957 735 iutururn
973 669 1222 754 intellegendum

156 800 226 841 esse
249 781 408 841 existimo:
435 779 516 854 283.
542 794 571 855 4.
596 793 625 854 5.
652 791 681 855 9.
711 791 758 839 11.
791 791 840 841 12.
865 785 948 857 709.
975 780 1058 857 81‚2.
1083 788 1114 842 et
1139 780 1223 841 simi-

157 884 225 947 liter
248 886 277 946 in
303 884 424 966 legibus
441 883 481 945 de
505 885 577 947 olea
601 881 736 966 leganda
761 893 793 945 et
809 882 954 946 faciunda
977 895 1035 947 etc.
1060 898 1144 964 pop).
1174 898 1223 961 13.

162 991 208 1054 16.
233 1003 317 1070 913.
343 990 425 1069 93,6·
454 1006 503 1054 10.
533 1007 579 1053 ιι.
612 1003 657 1053 12.
688 1003 735 1065 15.
759 991 864 1070 9416,
913 989 999 1053 Idem
1023 988 1106 1074 apud
1132 990 1223 1053 Plau-

157 1108 224 1160 tum
257 1119 353 1181 saepe
385 1095 551 1160 offenditur
586 1108 620 1160 ut
645 1097 735 1160 Cure.
765 1098 842 1172 728:
874 1097 925 1160 Tu
949 1098 1037 1160 miles
1060 1095 1143 1178 apud
1168 1119 1223 1160 me

156 1205 292 1281 cenabis
317 1201 409 1267 hodic
433 1203 509 1267 fient
533 1201 702 1287 nuptiae.1)

266 1309 299 1390 2)
325 1311 501 1394 imperativi
536 1315 696 1376 notionem
732 1313 888 1394 praesenti
922 1311 983 1372 hoc
1015 1309 1087 1372 loco
1118 1310 1224 1372 inesse

158 1418 265 1499 negari
289 1419 410 1499 nequit:
436 1431 528 1495 942:
554 1432 659 1482 cetero
683 1418 800 1501 pabulo
827 1418 894 1481 Kal.
919 1416 1033 1479 Martiis
1063 1413 1221 1478 decedito.

160 1523 263 1584 bubus
293 1520 418 1587 domitis
448 1523 533 1604 binis,
563 1528 724 1589 cantherio
753 1528 816 1604 uni,
850 1545 920 1586 cum
959 1532 1088 1604 emptor
1116 1531 1231 1605 pascet

157 1627 288 1692 domino
312 1647 443 1712 pascere
467 1628 650 1716 recipitur.2)

266 1735 301 1818 3)
329 1736 472 1820 Denique
501 1739 667 1804 infinitivus
696 1759 825 1824 quoque
849 1758 913 1799 uno
943 1735 1014 1797 loco
1039 1755 1097 1818 pro
1121 1736 1221 1815 impe-

159 1845 260 1905 rativo
295 1842 450 1905 adhibitus
486 1844 610 1908 videtur
645 1868 723 1910 esse.
771 1847 852 1909 Dico
887 1853 996 1922 99p7:
1034 1861 1073 1902 eo
1109 1837 1219 1902 addito

159 1950 266 2013 oleum
302 1951 384 2011 bene
417 1962 448 2011 et
472 1951 569 2014 salem
602 1964 633 2014 et
658 1954 772 2014 cumini
799 1950 969 2032 paululum,
1004 1945 1221 2009 infervefacito

159 2057 324 2139 paulisper.
372 2066 484 2139 postea
501 2056 573 2121 inde
589 2059 741 2121 iusculum
757 2055 899 2141 frigidum
916 2055 1046 2118 sorbere
1070 2063 1102 2114 et
1125 2054 1225 2133 ipsam

160 2165 327 2226 brassicam
368 2184 450 2240 esse,
497 2167 540 2227 uti
579 2186 675 2249 quarn
714 2168 849 2246 primum
889 2164 1092 2244 excoquatur.
1156 2157 1220 2221 Sed

159 2268 259 2332 dicam
277 2278 388 2352 postea
407 2267 446 2330 de
463 2270 622 2350 hocloco,
639 2292 711 2334 cum
730 2269 769 2334 de
787 2271 936 2333 infinitivo
953 2287 1055 2350 agam.
1075 2264 1109 2326 cf.
1126 2285 1158 2347 p.
1178 2265 1223 2327 86

266 2373 509 2439 Transeundum
545 2379 636 2440 uobis
668 2398 751 2441 nunc
785 2385 833 2439 est
860 2373 899 2436 ad
933 2371 1106 2456 imperativi
1129 2390 1228 2434 usum

159 2502 233 2544 cum
257 2480 296 2543 ad
321 2501 393 2543 eum
423 2487 549 2566 negatio
579 2483 706 2547 accedit.
754 2482 834 2547 Eam
862 2483 979 2565 ubique
1008 2500 1048 2542 ne
1078 2500 1148 2541 esse
1173 2480 1228 2540 vix

162 2599 339 2652 memoratu
375 2586 502 2672 dignum
536 2594 583 2654 sit.
631 2591 711 2654 Nam
740 2592 847 2667 18,12:
885 2609 978 2664 „eam
1006 2582 1132 2648 condito
1161 2604 1227 2647 uon

160 2696 363 2779 peraridam.“
399 2710 510 2775 nmio:
545 2698 754 2782 „ablaqueato
783 2698 868 2781 prius
900 2715 964 2756 non
999 2690 1088 2754 alte.“
1112 2690 1226 2768 99‚16:

169 2804 304 2881 „Postea
326 2824 442 2884 aquam
471 2801 634 2867 defundito
663 2824 728 2866 non
759 2800 904 2865 ommen“
932 2819 996 2862 non
1022 2798 1228 2880 imperativus

172 2912 256 2991 ipsos
280 2922 412 2991 negatos
436 2929 505 2971 esse
528 2920 667 2994 apparet.
1071 2918 1075 2924 '

280 3011 505 3096 Quaerendum
529 3026 576 3077 est
600 3019 652 3099 qui
676 3013 761 3078 modi
785 3022 956 3094 ponantur:

272 3121 302 3201 1)
342 3123 552 3205 Imperativus
586 3124 678 3186 futuri
716 3141 787 3182 cum
821 3119 990 3201 negatione
1026 3117 1072 3177 liis
1107 3123 1228 3176 tantum

163 3231 229 3292 ocis
267 3227 453 3292 offenditur:
489 3230 583 3309 alp:
620 3225 704 3312 quod
741 3247 876 3310 granum
911 3225 1011 3304 capiat
1045 3242 1087 3283 ne
1122 3221 1229 3282 serito,

164 3348 251 3414 9077:
286 3336 389 3399 oleam
422 3358 462 3399 ne
507 3338 648 3418 stringito
689 3356 772 3398 neve
809 3332 991 3394 verberato
1047 3339 1135 3404 pta:
1180 3327 1231 3388 De

164 3440 262 3503 fundo
297 3442 380 3525 ligna
413 3452 444 3503 et
478 3443 585 3504 oleum
620 3464 660 3506 ne
694 3440 870 3522 deportato.
917 3435 1031 3513 91‚t8:
1061 3433 1167 3494 oleum
1192 3451 1233 3492 ne

162 3550 290 3630 tangito
340 3562 431 3626 92,ss
465 3551 586 3611 socium
620 3569 757 3633 nequem
794 3546 921 3607 habeto
967 3552 1079 3619 paru:
1114 3533 1230 3621 nequid

165 3673 275 3715 eroum
300 3652 339 3715 de
364 3653 461 3718 fundo
487 3653 665 3738 deportato

272 3761 400 3824 Praeter
431 3764 565 3844 primum
599 3763 705 3824 onmia
735 3779 817 3844 quae
846 3756 933 3819 attuli
962 3751 1109 3834 exempla
1138 3751 1167 3813 in
1196 3751 1231 3812 iis

271 4004 291 4074 1)
302 4007 334 4059 cf.
346 4011 428 4060 Loch.
440 4011 493 4059 Der
505 4010 639 4060 Gebrnuch
652 4010 695 4058 des
705 4004 843 4068 imperatis
853 4001 1016 4050 beiPlautus.
1027 3996 1134 4062 (Memel
1147 3991 1232 4058 1870.)

270 4094 291 4164 ἓ)
311 4099 507 4148 Animam-enas
528 4098 643 4148 futurum
663 4102 759 4160 pascet.
