2766 4628
677 289 719 349 84

269 465 424 528 Omnibus
448 467 496 528 his
520 442 597 528 locis
620 487 797 550 pronomen
815 468 980 531 relativum
1000 465 1149 531 indefiniti
1161 470 1226 532 fere

161 573 356 656 pronominis
379 574 542 636 notionem
568 575 663 636 habet
686 581 720 634 ut
743 574 879 658 exempli
896 576 1008 656 gratia:
1034 574 1226 638 frumentum

162 676 248 762 quod
272 680 407 762 supersit
430 677 546 742 vendat
578 677 660 742 idem
684 681 749 742 fere
772 680 876 743 valeat
900 690 1009 762 atque:
1033 680 1226 743 frumentum

160 782 272 867 siquod
296 787 430 868 supersit
454 783 607 863 vendat.¹)

267 890 399 953 Praeter
422 894 656 955 coniunctivum
682 893 711 954 in
736 889 892 954 eiusmodi
911 893 1070 955 sententiis
1087 893 1225 956 futurum

161 998 256 1059 etiam
284 998 425 1071 inveniri,
456 999 510 1060 uix
538 996 621 1060 dictu
645 1017 726 1081 opus
749 999 795 1060 sit.
844 995 905 1060 Sed
923 996 1034 1061 dixerit
1049 1001 1127 1082 quis,
1151 1021 1226 1063 con-

160 1105 331 1166 iunctivum
366 1103 449 1166 illum
488 1125 554 1167 non
593 1115 656 1167 tam
692 1104 896 1187 potentialem
920 1108 1083 1169 notionem
1107 1107 1226 1169 habere

160 1230 257 1292 quam
282 1210 323 1272 ob
347 1211 581 1272 coniunctivurn
605 1213 657 1293 qui
681 1221 727 1273 est
751 1213 781 1273 in
798 1213 961 1273 enuntiato
978 1213 1127 1293 primario
1143 1215 1225 1295 posi·

161 1326 228 1378 tum
253 1336 332 1377 esse.
380 1315 423 1378 At
458 1317 532 1378 mihi
567 1314 694 1399 quidem
730 1318 791 1379 hoc
815 1338 880 1379 non
903 1316 1067 1400 probabile
1092 1315 1224 1381 videtur.

160 1420 240 1484 Nam
269 1424 423 1499 rarissime
458 1432 597 1485 mutatur
632 1425 781 1486 enuntiati
805 1421 978 1486 secundarii
1003 1421 1117 1486 modus
1141 1424 1226 1488 nulla

160 1529 219 1590 alia
242 1547 337 1590 causa
361 1525 532 1590 accedente
556 1531 586 1592 in
609 1532 710 1613 prisco
734 1551 884 1593 sermone
908 1533 950 1592 ob
974 1528 1105 1593 modum
1127 1552 1225 1593 enun-

159 1634 224 1696 tiati
258 1634 402 1718 primarii.
451 1634 604 1697 Conferas
644 1636 752 1712 12,18:
786 1638 864 1699 scito
896 1634 979 1698 idem
1003 1656 1113 1719 agrurn
1139 1636 1226 1720 quod

160 1741 332 1815 hominem,
359 1743 503 1822 quamvis
527 1751 737 1825 quaestuosus
760 1743 829 1818 siet,
854 1744 878 1804 si
906 1753 1110 1825 sumptuosus
1135 1746 1225 1824 erit,

161 1847 293 1929 relinqui
329 1867 393 1910 non
416 1847 559 1910 multum.
595 1848 685 1926 abb:
712 1851 850 1931 cogitato
874 1851 898 1911 si
922 1850 994 1911 nihil
1018 1849 1030 1910 1
1037 1851 1105 1924 iet,
1129 1851 1226 1914 nihilo

161 1957 261 2017 minus
286 1953 514 2036 sumpturums
481 1963 623 2035 ut3urum
647 1963 701 2015 aut
717 1950 952 2037 quaePaetzolt
975 1954 1065 2017 affert
1054 1958 1227 2040 texempla

157 2082 186 2143 p.
216 2075 265 2137 44ε
292 2060 335 2123 ΡΙ.
358 2060 441 2122 Pers
466 2072 544 2137 373:
570 2060 661 2123 Dicat
649 2057 770 2144 tquod
795 2062 928 2143 quisque
956 2062 1031 2124 volt.
1057 2062 1117 2124 Cas
1143 2076 1224 2142 299:

159 2167 201 2228 Ut
225 2164 312 2251 quod
335 2164 483 2229 mandavi
508 2177 606 2230 curet.

263 2271 510 2353 Nonnumquam
546 2276 634 2335 notio
670 2284 726 2356 po
715 2273 908 2336 entrahs
877 2283 908 2335 et
932 2276 1136 2337 consecutiia
1158 2285 1221 2338 tam

157 2398 257 2462 prope
280 2379 377 2442 altera
401 2378 440 2441 ad
465 2379 599 2442 alteram
629 2377 784 2444 accedunt
815 2390 849 2441 ut
880 2381 933 2441 vix
962 2378 1059 2442 dirimi
1094 2383 1223 2462 possint,

157 2494 207 2546 ut:
235 2487 307 2563 298
331 2482 476 2548 dominus
504 2484 640 2571 lapidem
668 2488 751 2569 ligna
780 2483 819 2548 ad
842 2485 1004 2549 fornacem
1029 2483 1114 2566 quod
1140 2507 1222 2568 opus

157 2593 215 2652 siet
237 2593 377 2674 praebet.
424 2593 533 2670 58‚14:
570 2595 613 2670 (et
635 2593 754 2670 oleum)
787 2595 816 2654 in
841 2593 1002 2655 lucernam
1027 2591 1113 2676 quod
1140 2615 1222 2678 opus

157 2697 215 2759 siet
239 2695 326 2779 (det).
363 2711 452 2774 753:
490 2708 520 2760 et
553 2700 723 2782 amphoras
747 2700 777 2761 in
810 2698 877 2760 sole
901 2701 1021 2782 ponit0,
1046 2702 1099 2762 ubi
1123 2703 1223 2765 herba

157 2824 221 2865 non
244 2806 311 2866 siet.
346 2817 454 2882 104,7:
485 2825 565 2886 quos
590 2803 708 2867 diffidas
731 2824 826 2866 sanos
849 2805 952 2867 facere
977 2805 1078 2869 facies.
1104 2809 1219 2885 38,15:

156 2919 276 2991 partem
302 2908 459 2973 dimidiam
483 2912 513 2972 in
536 2920 687 2991 segetem,
712 2912 765 2973 ubi
781 2911 931 2994 pabulum
949 2933 1045 2990 seran
1070 2915 1219 2982 invehit0.

156 3029 246 3093 41,5·.
272 3013 358 3098 quod
383 3036 515 3099 granum
539 3019 640 3100 capiat
662 3038 703 3081 ne
727 3019 831 3080 serito

264 3122 368 3185 Semel
392 3124 528 3205 primum
552 3123 690 3186 futurum
714 3135 780 3186 tum
803 3117 1030 3187 coniunc‘tiuus¹
1045 3130 1220 3209 praesentis

156 3230 274 3311 positus
300 3241 363 3294 est:
388 3231 479 3307 95,6:
504 3252 559 3313 per
582 3251 638 3293 ver
661 3231 756 3293 serito
780 3231 810 3292 in
834 3230 906 3292 loco
931 3231 983 3292 ubi
1007 3242 1092 3294 terra
1115 3242 1219 3297 tener-

156 3337 234 3398 rima
257 3339 323 3412 erit,
347 3357 443 3419 quam
467 3337 581 3418 pullam
608 3346 732 3416 vocant,
756 3338 809 3398 ubi
833 3357 920 3420 aqua
939 3346 1071 3420 propter
1093 3341 1159 3401 siet.

262 3459 366 3543 Quam
397 3470 465 3522 arte
498 3471 605 3522 autem
639 3461 785 3522 notiones
821 3463 1025 3524 consecutiva
1060 3471 1092 3523 et
1080 3463 1219 3527 tfinalis

156 3563 236 3625 inter
252 3585 287 3625 se
304 3575 459 3647 comatae
476 3568 607 3628 sutno
611 3586 662 3627 um
678 3575 732 3628 es
738 3561 934 3650 2rL0ngnn
959 3577 1006 3630 est
1030 3571 1137 3634 onmia
1162 3592 1216 3632 ex·
1287 3572 1289 3576 ’

156 3669 258 3752 empla
291 3691 449 3735 enarrare.
495 3672 570 3734 Vim
604 3660 783 3734 finalemlr
765 3674 810 3734 his
834 3673 910 3737 locis
934 3671 1215 3759 deprehendimus:

155 3787 243 3854 34,4;
280 3797 374 3860 supra
406 3779 548 3840 imbrices
582 3777 774 3840 extrinsecus
803 3800 915 3864 cupam
939 3782 1129 3865 pertundit0‚
1153 3803 1216 3866 qua

154 3935 367 3945 ——---——

260 3997 338 4074 1)ssss
353 4009 466 4058 Paezolt.
480 4010 496 4058 l.
514 3996 533 4057 l.
556 4024 581 4072 p·
606 4002 636 4066 13
655 4027 691 4074 sq·
761 4080 763 4085 ¹

260 4092 281 4163 2)
302 4096 333 4146 of,
356 4096 443 4161 Reisig
462 4122 497 4132 -
516 4099 603 4147 Haase
622 4099 639 4146 1.
661 4099 677 4147 1.
699 4095 714 4163 ἓ
736 4104 795 4154 313·
