2766 4628
614 217 632 277 2

91 394 286 477 gekornmen
310 393 384 454 sei.“
431 390 600 457 Praeterea
622 392 757 461 eandem
781 397 966 459 sententiam
988 417 1045 480 per
1060 417 1152 461 occa-

91 503 213 562 sionem
238 496 384 561 ‹lixerunt
409 498 562 562 Hernicus
584 496 730 584 Jordanl)
755 511 786 563 et
802 498 984 564 Ludovicus
1000 498 1153 584 Dietze2).

90 603 266 687 Postquam
290 605 380 685 igitur
411 622 492 664 nunc
517 601 644 667 demum
669 602 758 669 Keilii
791 627 875 669 nova
897 607 964 669 libri
988 602 1151 684 editione3)

91 720 209 773 certum
233 707 471 772 fundamentum
495 706 598 792 adepti
614 729 733 786 sumus,
758 710 798 775 de
814 732 878 796 quo
891 711 994 775 solum
1008 714 1151 795 quaestio

90 816 140 878 illa
164 836 258 900 qnam
283 835 376 898 supra
400 815 492 896 posui
515 816 594 878 solvi
618 818 724 898 possit,
753 815 859 881 denuo
884 838 954 881 eam
978 818 1152 881 accuratius

91 926 276 988 examinare
299 923 497 1007 propositum
522 924 635 986 nabeo.

197 1031 232 1094 In
255 1040 319 1092 tres
342 1041 446 1111 partes
470 1040 568 1092 totam
592 1032 756 1092 materiem
781 1027 881 1092 divisi:

248 1134 274 1201 Ι.
297 1136 348 1198 De
371 1156 530 1198 sermone.

240 1242 273 1305 ll.
299 1243 348 1306 De
371 1241 448 1304 locis
473 1263 513 1303 er:
539 1242 668 1304 Catonis
692 1242 770 1304 libro
794 1243 833 1305 ab
861 1242 926 1304 aliis
949 1243 1151 1325 scriptoribus

389 1348 501 1431 petitis.

93 1522 96 1527 ,
222 1453 273 1515 Ill.
296 1452 347 1514 De
371 1454 468 1515 rebus
490 1472 665 1535 earumque
689 1473 825 1515 conexu.

89 1578 224 1642 quarum
247 1578 330 1631 nunc
356 1561 491 1640 primam
511 1559 611 1622 solam
635 1568 822 1622 tractaturus
845 1578 923 1621 sum.

468 1738 529 1820 De
561 1765 762 1818 sannone.

94 1926 100 1933 .
196 1878 315 1940 Keilius
332 1878 468 1940 Observ.
489 1872 609 1958 critic.4)
633 1897 663 1960 p.
681 1877 724 1951 67
748 1873 931 1938 haecdicit:
956 1876 1005 1938 De
1029 1874 1151 1940 dicendi

88 1994 195 2050 autem
219 2005 335 2068 genere
358 1983 403 2065 (in
420 1984 499 2046 libro
516 1983 662 2062 Cotonis)
679 1993 713 2043 ut
736 1983 797 2044 hoc
821 1978 947 2064 quidem
964 1984 1016 2044 vix
1039 2003 1150 2066 quern-

88 2111 183 2174 quanr
217 2092 422 2170 repetiturum
446 2110 515 2152 esse
540 2086 644 2166 credo,
678 2097 806 2150 tenuem
838 2089 920 2149 hanc
953 2097 986 2150 et
1013 2090 1149 2151 ieiunam

88 2197 264 2259 orationem
300 2194 368 2256 talis
401 2196 560 2278 scriptoris
594 2195 720 2274 ingenio
755 2192 914 2276 indignam
938 2214 1015 2272 esse,
1043 2195 1083 2256 ita
1108 2193 1150 2256 de

89 2303 218 2383 antiqua
254 2299 384 2362 Catonis
419 2300 599 2369 elocutione
637 2301 770 2363 multum
811 2301 928 2384 perisse
963 2319 1150 2384 persuasum

88 2407 202 2473 habeo,
248 2405 450 2487 Quamquam
474 2407 557 2468 enim
581 2406 742 2487 complura
765 2409 795 2468 in
819 2409 880 2468 hoc
901 2426 1018 2488 genere
1034 2407 1150 2469 rectius

87 2534 105 2574 e
130 2510 288 2576 codicibus
324 2512 469 2573 constitui
493 2522 633 2595 possunt,
665 2509 694 2574 id
720 2510 806 2596 quod
831 2532 944 2575 vereor
967 2532 1007 2573 ne
1029 2513 1148 2575 incom-

87 2617 184 2694 mode
207 2615 326 2682 accidat
349 2620 377 2681 ei
401 2620 453 2698 qui
471 2618 544 2682 nihil
561 2621 691 2682 omnino
708 2616 794 2703 quod
818 2616 876 2680 dici
899 2638 918 2680 a
938 2618 1059 2680 Catone
1082 2640 1149 2683 non

85 2728 223 2811 potuerit
252 2726 335 2787 hunc
358 2723 470 2787 librum
497 2725 597 2808 qualis
620 2744 702 2787 nunc
732 2736 779 2786 est
802 2725 920 2786 habere
943 2728 1147 2803 asseveravit,

86 2845 194 2896 tamen
218 2831 350 2893 multum
373 2832 464 2893 abest
488 2840 521 2892 ut
545 2832 574 2892 iu
599 2851 674 2894 eam
697 2831 832 2892 formam
845 2831 945 2892 oratio
960 2831 1139 2894 restituatur

86 2959 169 3023 quae
193 2947 247 3000 aut
270 2936 435 2998 universae
459 2937 568 2999 aetatis
584 2933 678 2999 indoli
694 2946 749 2998 aut
764 2936 893 2999 Catonis
908 2936 1027 3010 rationi,
1051 2958 1134 3020 quan

88 3045 253 3127 Originum
278 3041 451 3124 lragmenta
475 3043 750 3125 grammaticorum
774 3042 1005 3104 commentariis
1021 3063 1114 3106 serva

88 3152 180 3216 nobis
203 3149 366 3232 praebent,
390 3148 495 3232 aliquo
518 3146 616 3213 morlo
648 3149 821 3212 conveniat.
868 3147 942 3227 Quo
965 3145 1005 3208 de
1028 3148 1100 3210 loco

87 3259 216 3321 uberius
248 3275 412 3339 exponere
449 3259 521 3320 mihi
556 3259 752 3340 propositum
788 3264 879 3329 esset,
910 3252 977 3315 lieri
1009 3257 1113 3338 potuis

88 3361 224 3440 confido,
255 3372 289 3423 ut
321 3361 513 3445 aliquantum
548 3365 588 3425 ab
623 3365 682 3425 hac
705 3372 793 3442 parte
816 3363 899 3421 hunc
922 3360 1034 3423 librum
1059 3385 1110 3427 ar

192 3573 214 3637 ¹)
234 3574 342 3621 Hermes
361 3572 418 3621 XV.
439 3586 464 3634 p.
487 3580 527 3630 13.

192 3657 214 3728 2)
236 3660 337 3710 Dietze.
374 3661 415 3709 De
434 3673 551 3708 sermone
570 3659 719 3707 Catoniano.
740 3656 866 3723 Tanglimi
889 3659 963 3716 1870.

193 3746 270 3814 ³)n1.
291 3749 364 3798 Porci
384 3748 498 3799 Catonis
526 3749 566 3798 De
586 3748 739 3810 agricultura
760 3747 831 3798 liber.
852 3765 903 3800 rec.
934 3752 1061 3800 Henricus

87 3839 158 3902 Lips‚
180 3835 255 3887 1882.

192 3923 214 3992 4)
235 3926 435 3977 Observationes
468 3926 570 3974 criticae
594 3925 619 3975 in
639 3923 744 3975 Catonis
772 3934 796 3975 et
817 3929 940 3977 Varronis
959 3929 990 3977 de
1010 3945 1035 3977 rc
1055 3945 1074 3976 n

89 4016 176 4064 libros.
213 4016 315 4078 Scripsit
335 4016 461 4065 Henricus
481 4013 547 4064 Keil.
586 4014 663 4064 Halle
686 4011 760 4069 1869.
