2766 4628
678 237 720 299 ut

168 416 262 500 primi
288 420 350 480 rim
375 418 519 480 habeant.
567 416 666 478 Aliter
689 436 739 478 res
763 437 797 478 se
821 418 916 479 habet
947 429 1047 493 1027,
1084 420 1138 482 ubi
1167 429 1231 483 est:

167 525 236 601 „ubi
262 543 303 584 ex
327 525 425 587 multo
450 525 519 586 cibo
547 523 635 586 alvus
663 543 726 584 non
757 524 788 597 it,
829 541 888 603 pro
916 525 1063 606 portione
1091 525 1233 591 brassica

167 631 190 690 si
215 633 319 709 uteris,
346 627 376 693 id
405 640 440 693 ut
463 641 494 693 te
519 648 647 699 moneo,
672 629 745 690 nihil
769 630 901 692 istorum
924 650 983 692 usu
1008 631 1123 694 veniet.
1172 633 1233 696 Hic

166 737 374 798 coniunctioni
405 738 457 798 ubi
485 756 549 798 non
577 735 759 817 temporalis
789 733 843 797 sed
883 756 972 798 mera
1006 734 1233 802 condicionalis

166 842 350 924 significatio
375 843 481 920 (avenn
498 840 624 914 einmal)
649 843 737 916 inest,
762 861 797 904 ac
815 839 854 902 de
877 843 924 903 his
949 843 1114 906 enuntiatis
1142 844 1234 923 infra,

166 968 237 1011 cum
262 947 301 1011 de
325 950 544 1012 coniunctione
567 949 592 1009 si
614 967 755 1030 agemus,
780 944 889 1009 dicturi
911 968 1028 1011 sumus.

272 1092 382 1154 Restat
409 1101 443 1152 ut
472 1087 512 1152 de
544 1090 578 1152 iis
606 1108 737 1171 agamus
767 1090 936 1162 sententiis
966 1091 997 1152 in
1021 1090 1135 1172 quibus
1156 1110 1233 1172 per-

164 1196 278 1259 fectum
303 1198 555 1260 coniunctionem
585 1195 637 1257 ubi
661 1196 809 1278 sequitur,
834 1215 905 1258 cum
929 1197 960 1258 in
983 1198 1145 1261 enuntiato
1169 1200 1232 1280 pri·

165 1304 263 1365 mario
288 1304 492 1385 imperativus
516 1310 569 1364 ant
592 1303 673 1363 coni.
698 1303 769 1363 iuss
794 1310 848 1364 aut
872 1312 999 1383 oportet
1031 1305 1135 1384 posita
1158 1306 1231 1369 sint.

169 1420 253 1484 13,7:
279 1409 372 1473 Pater
395 1409 524 1472 familias
548 1409 600 1469 ubi
624 1405 663 1469 ad
688 1408 790 1470 uillam
815 1411 908 1485 uenit,
938 1410 990 1471 ubi
1014 1409 1114 1472 larem
1139 1410 1230 1474 fami·

163 1513 271 1576 liarem
300 1514 452 1592 salutavit,
485 1511 617 1576 fundum
650 1511 765 1575 eodem
790 1513 840 1577 die
863 1516 887 1577 si
914 1521 1020 1595 potest
1048 1516 1231 1580 circumeat.

168 1632 252 1697 139:
278 1620 331 1682 ubi
348 1621 507 1703 cognovit,
531 1640 597 1703 quo
613 1617 712 1682 modo
729 1618 841 1682 fundus
866 1669 872 1682 .
898 1669 904 1684 .
931 1671 936 1683 .
964 1619 1063 1682 cuitus
1079 1622 1147 1684 siet.
1169 1668 1177 1685 .
1196 1670 1230 1687 ..

163 1725 286 1787 uilicum
322 1737 427 1789 vocet.
468 1739 574 1807 13,17:
617 1727 668 1788 ubi
703 1746 757 1788 eas
791 1726 930 1810 aliasque
966 1746 1077 1789 causas
1111 1728 1229 1792 multas

163 1827 248 1904 dixit,
276 1829 317 1893 ad
346 1835 500 1896 rationem
528 1853 661 1917 operum
691 1850 922 1915 operarumque
951 1831 1074 1895 vilicum
1098 1854 1228 1900 revoca.

167 1937 250 2016 14,6:
286 1939 337 2000 ubi
373 1960 412 2002 ea
444 1959 550 2021 aequo
582 1940 689 2001 animo
718 1940 843 2021 cognita
869 1948 951 2013 sunt,
985 1959 1068 2022 quae
1103 1940 1228 2024 reliqua

161 2065 259 2127 opera
282 2049 342 2110 sint
365 2065 477 2109 curare
500 2047 543 2107 uti
576 2043 784 2129 perficiantur.
814 2056 897 2124 15,5:
930 2045 983 2106 ubi
1006 2055 1094 2108 aetas
1117 2066 1228 2111 acces-

160 2155 198 2215 sit
221 2151 261 2215 ad
284 2173 384 2216 annos
407 2151 552 2216 XXXVI
575 2162 644 2214 tum
667 2149 834 2214 aedificare
858 2159 994 2231 oportet.

266 2291 305 2356 [n
336 2291 452 2355 eodem
485 2295 591 2356 omnia
619 2293 669 2355 iila
697 2293 805 2354 ultimo
834 2300 970 2370 excepto
1000 2291 1148 2376 exempla
1172 2313 1224 2357 ca·

160 2399 225 2481 pite
247 2399 457 2474 inveniuntur,
491 2419 527 2461 ac
556 2398 683 2480 quidem
711 2401 741 2461 in
765 2418 816 2472 co,
846 2397 966 2479 inquo
996 2393 1035 2458 de
1058 2399 1156 2482 patris
1177 2399 1192 2462 s
1211 2438 1223 2450 -

160 2504 264 2568 miliae
292 2505 399 2569 officiis
426 2506 537 2589 agitur.
589 2507 622 2569 In
652 2508 713 2568 hoc
745 2514 852 2568 autem
881 2504 1057 2566 orationem
1086 2507 1223 2570 concita·

160 2612 272 2674 tiorem
302 2635 372 2676 esse
402 2613 526 2676 cuilibet
554 2616 756 2695 conspicuum
785 2631 854 2674 esse
883 2619 1016 2691 oportet.
1067 2609 1221 2676 Animad-

161 2728 264 2781 vertas
287 2721 503 2800 imperativum
529 2741 655 2794 reuoca,
684 2739 755 2782 cum
783 2725 848 2780 tam
872 2717 932 2779 rari
960 2719 1134 2798 praesentis
1158 2719 1220 2781 im-

159 2825 291 2905 perativi
314 2828 366 2908 qui
393 2837 547 2889 vocantur
571 2829 600 2889 in
617 2828 696 2889 libro
720 2835 829 2888 nostro
853 2823 1060 2899 inveniantur,
1086 2833 1120 2886 ut
1143 2824 1223 2889 infra
1305 2895 1308 2899 ⁴

160 2925 343 2993 videbimus.
398 2931 509 2996 Oratio
540 2935 571 2995 in
602 2952 752 3014 praesens
786 2933 873 3014 quasi
911 2942 1035 3016 tempus
1069 2930 1221 2993 translata

159 3044 215 3098 est.
264 3036 354 3100 Haec
384 3049 432 3101 est
463 3059 557 3102 causa
587 3058 642 3101 cur
672 3040 702 3100 in
737 3039 902 3101 enuntiatis
930 3035 1120 3101 secundariis
1154 3057 1220 3100 non

158 3151 281 3223 tempus
316 3144 453 3208 futurum
482 3154 666 3227 usurpatum
700 3146 745 3207 sit.
799 3145 877 3208 Item
912 3145 1053 3207 ultimum
1088 3163 1219 3229 quoque

157 3250 337 3333 exemplum
363 3247 479 3336 (15,5.)
504 3235 722 3337 explicandum
747 3262 802 3315 est.

263 3461 498 3547 Antequam,
527 3468 753 3550 priusquam.

526 3608 555 3688 1)
580 3627 650 3669 cum
675 3602 851 3670 indicativo,

261 3723 294 3808 a)
318 3736 501 3810 autequam:

156 3870 359 3933 Enuntiatum
381 3871 470 3950 prim.
685 3867 688 3957 i
871 3871 1064 3933 enuntiatum
1088 3864 1215 3932 secund.

228 4046 250 4093 1.
275 4032 355 4093 coni.
380 4031 453 4094 iuss.
483 4031 585 4105 108,1.
679 4009 696 4114 ζ
784 4047 809 4094 1.
835 4031 904 4094 Fut.
929 4028 969 4092 II.
1000 4029 1102 4105 108,r.
