2766 4628
664 270 705 333 59

270 447 359 510 Haec
384 449 537 512 hacteuus
561 447 600 511 de
625 449 661 512 iis
675 452 956 526 coniunctionibus,
982 471 1063 534 quae
1076 453 1105 513 iu
1123 472 1220 514 enun-

154 554 232 616 tiato
256 555 405 637 primario
431 555 536 618 locum
560 558 712 632 obtinent,
737 559 877 640 sequitur
901 568 934 619 ut
958 555 997 619 de
1014 559 1057 632 iis,
1083 559 1220 640 quaein

154 657 344 722 secundariis
368 664 534 724 enuntiatis
557 672 727 745 ponuntur,
752 661 950 726 disseramus.
999 664 1108 746 Atque
1130 665 1220 727 liceat

154 891 269 934 eorum
292 873 487 955 temporibus
511 885 542 937 et
566 872 667 936 modis
690 896 793 958 agere.

262 977 384 1039 Initium
407 979 499 1060 igitur
522 982 680 1065 capiamus
704 984 744 1044 ab

383 1079 414 1165 a)
446 1089 669 1150 enuntiatis
698 1089 985 1169 temporalibus.

267 1189 302 1252 lu
335 1190 369 1251 iis
406 1199 595 1275 usurpantur
630 1197 691 1256 hae
724 1193 980 1259 coniunctiones:
1012 1213 1120 1276 quom,
1154 1193 1216 1267 ubi,

153 1305 336 1378 autequam,
362 1297 554 1380 priusquam,
578 1297 663 1379 dum,
687 1298 798 1364 donec.

217 1486 220 1491 ῃ
269 1398 401 1475 Quom.

267 1509 407 1575 Primum
431 1512 504 1574 milri
529 1509 569 1574 de
594 1514 685 1575 huius
708 1514 878 1596 particulae
895 1515 1047 1596 scriptura
1058 1508 1220 1595 agendum

80 1666 85 1673 .
155 1625 212 1678 est.
259 1615 377 1680 Keilius
394 1618 552 1702 plerisque
569 1619 645 1682 locis
663 1622 782 1702 scripsit
798 1640 879 1696 cum,
905 1621 950 1682 lris
967 1627 1088 1681 tantum
1105 1638 1218 1701 quom:

160 1735 242 1800 11,o.
272 1735 352 1797 12,1.
378 1737 484 1803 35,17.
510 1737 592 1802 37‚1.
619 1726 687 1801 (bis)
712 1726 796 1804 389.
827 1742 872 1790 ro.
902 1727 948 1789 18.
973 1738 1059 1801 got.

266 1827 480 1916 blanuscripta
504 1832 559 1894 illis
576 1830 652 1892 locis
667 1834 747 1893 haec
765 1833 925 1914 praebent.
955 1845 1039 1909 119:
1064 1850 1163 1914 quom
1178 1829 1219 1892 V.

155 1925 220 2016 quo
244 1934 262 1997 l.
287 1935 451 2018 quomodo
475 1956 501 1998 c.
526 1957 595 1998 cum
621 1936 660 1999 A.
688 1958 786 2020 quum
811 1940 839 2000 b.

273 2053 359 2114 12,l:
395 2043 629 2123 quom'parare
652 2040 689 2104 P.
727 2062 901 2127 conparare
927 2042 968 2116 A,
1005 2045 1056 2105 ubi
1081 2036 1122 2126 qr'r
1147 2052 1220 2105 ante

157 2165 218 2208 con
242 2147 455 2228 superscripsit
479 2142 533 2225 Αἵ,
569 2167 666 2229 quum
691 2167 801 2228 parare
825 2150 854 2211 b.
886 2167 1069 2228 cumparare
1098 2169 1123 2210 c.
1148 2168 1231 2216 cum.

158 2253 384 2331 compararet.
412 2272 482 2316 cum
508 2274 692 2336 comparare
717 2275 745 2315 v.

264 2370 377 2434 35‚17:
405 2379 502 2443 quom
526 2360 558 2422 Ρ.
584 2363 611 2423 b.
635 2361 654 2424 f.
680 2380 752 2423 curn
778 2361 817 2424 A.
843 2380 868 2424 c.
895 2380 966 2423 curu
991 2382 1019 2423 v.

264 2475 353 2539 37,1:
378 2485 476 2547 quom
500 2467 540 2529 V.
569 2487 593 2529 c.
620 2487 685 2550 quo
709 2465 764 2529 sed
789 2488 809 2530 o
833 2469 864 2530 iu
888 2469 994 2530 rasura
1013 2467 1052 2530 A.
1078 2488 1174 2551 quum
1192 2468 1221 2530 b.

157 2566 364 2650 quomodol.

264 2689 352 2755 37,l:
378 2697 474 2760 quom
498 2675 535 2740 P.
560 2699 632 2742 com
657 2678 697 2741 A.
723 2700 820 2762 quum
845 2680 883 2742 R.
911 2699 982 2742 cum
1007 2700 1035 2741 v.

263 2781 354 2859 389:
379 2804 476 2866 quum
505 2804 606 2868 pones
629 2786 664 2848 P.
689 2788 718 2848 b.
743 2805 815 2848 cum
839 2806 939 2869 pones
963 2783 1004 2847 A.
1030 2805 1056 2848 c.
1087 2786 1139 2868 qui
1167 2786 1221 2847 im-

155 2888 353 2968 mmlx

263 2994 375 3072 38‚18:
401 3016 496 3078 quam
513 2998 651 3059 maxime
668 2995 738 3059 VA
754 2999 792 3061 R.
818 3019 880 3082 qua
900 2999 1037 3060 maxime
1052 2993 1221 3080 Jucuudus.

264 3113 377 3178 39,11:
414 3095 592 3166 cor'sraxime
625 3103 665 3166 A.
694 3122 766 3165 cum
798 3106 935 3166 maxime
968 3102 994 3165 V
1020 3123 1035 3164 c
1063 3102 1080 3163 l.
1122 3122 1220 3184 quum

159 3209 295 3271 maxime
320 3209 349 3271 b.
374 3218 440 3272 tum
465 3211 602 3272 maxime
625 3208 795 3292 jucundus.
844 3207 955 3272 Codex
973 3208 1002 3271 A
1019 3209 1110 3290 igitur
1128 3210 1221 3291 scrip-

157 3323 260 3376 turam
288 3335 359 3377 cnm
393 3314 535 3398 litteraq
605 3315 690 3378 nullo
725 3335 826 3399 paene
861 3315 932 3378 loco
964 3314 1068 3377 lrabet.
1118 3313 1223 3377 Habet

158 3431 264 3485 autem
289 3425 413 3504 saepius
438 3441 509 3485 com
534 3442 592 3505 pro
617 3442 698 3484 cum.
746 3421 863 3484 Keilius
897 3423 988 3503 igitur
1012 3422 1125 3483 iterum
1149 3430 1223 3484 aute

158 3530 302 3592 omuiaP
326 3540 451 3593 secutus
476 3539 532 3604 est,
558 3538 588 3591 et
613 3531 795 3612 scripturam
821 3548 918 3611 quom
942 3531 972 3591 in
996 3537 1084 3591 textu
1109 3530 1222 3613 posuit,

158 3634 338 3716 ubicunque
371 3633 495 3699 codices
531 3636 579 3697 vel
615 3637 775 3698 minimam
807 3637 874 3697 eius
906 3638 1075 3718 scripturae
1110 3655 1220 3699 ausam

157 3744 317 3824 praebent.
372 3740 454 3805 Num
491 3753 577 3805 recte
606 3742 720 3820 fecerit,
753 3744 776 3804 si
807 3739 1083 3804 deliberaverimus
1112 3743 1222 3804 ceteris

156 3856 204 3909 tot
228 3845 302 3910 locis
322 3857 504 3910 constanter
527 3868 598 3910 cum
620 3849 768 3932 scriptum
792 3869 873 3924 esse,
897 3858 950 3912 aut
970 3849 1013 3910 ob
1030 3849 1221 3932 quaestionis

157 3953 317 4017 levitatem
342 3957 372 4018 in
396 3953 501 4017 medio
526 3954 740 4034 relinquemus
763 3967 817 4018 aut
839 3957 944 4039 potins
968 3957 1161 4039 negabimus.

265 4058 302 4122 Iu
327 4060 405 4123 libro
430 4059 469 4122 de
493 4060 681 4142 agricultura
704 4081 812 4144 quom,
835 4063 942 4142 paucis
970 4062 1045 4125 locis
1073 4063 1223 4142 exceptis,
