2766 4628
665 237 707 299 83

261 433 371 500 29‚12:
404 439 487 504 quae
518 417 665 504 materies
692 434 801 478 semen
828 432 893 475 non
921 411 1026 488 habet,
1053 427 1124 471 curn
1149 407 1215 490 glu-

153 529 240 591 bebit
263 536 329 590 tum
353 525 540 608 tempestiva
564 532 611 587 est
636 518 686 604 (cf.
713 520 810 600 403.)

261 635 370 712 46,r2·.
389 611 491 715 quem
516 651 639 694 ramum
662 629 809 692 insiturus
832 627 900 704 eris
924 618 1103 708 praecidito.

266 739 352 817 inb:
381 757 464 800 nunc
494 746 528 800 ut
560 733 599 799 ad
623 755 689 798 rem
718 731 847 797 redeam
871 728 957 815 quod
979 727 1109 813 promisi
1132 724 1218 787 insti-

155 855 258 910 tutum
283 846 466 928 principium
490 845 552 906 hoc
576 844 640 906 erit.

264 963 351 1031 47,2:
377 951 479 1034 capito
502 951 555 1013 tibi
572 948 730 1012 surculum
750 943 837 1029 quod
854 963 956 1026 genus
979 943 1117 1003 inserere
1130 936 1218 999 voles

156 1058 206 1139 (ef.
231 1057 373 1135 48‚1.9.
403 1056 465 1134 ιι.)

264 1176 376 1240 52,10:
416 1164 457 1226 ab
495 1164 611 1226 arbore
644 1162 701 1224 abs
728 1169 813 1222 terra
844 1155 918 1241 pulli
959 1153 1011 1237 qui
1052 1158 1220 1232 nascentur

157 1292 214 1334 eos
238 1273 409 1333 interram
433 1267 609 1354 deprimito.
655 1267 704 1347 (cf.
729 1260 851 1346 81,10.)

126 1376 130 1386 “
264 1390 356 1455 42,4;
387 1397 469 1460 quae
497 1377 568 1439 ioca
595 1377 676 1439 sicca
705 1383 737 1436 et
766 1393 831 1435 non
859 1369 999 1433 herbosa
1031 1374 1152 1428 erunt.
1179 1411 1186 1424 .
1214 1409 1221 1422 .

157 1485 198 1546 ibi
221 1485 353 1548 triticum
378 1486 482 1546 serite.

265 1590 336 1652 Huc
360 1591 519 1673 pertinent
541 1590 621 1651 haec
644 1607 774 1672 quoque
799 1586 975 1649 enuntiata:

269 1696 376 1774 18,15:
402 1696 456 1757 ubi
479 1716 555 1778 ager
571 1715 692 1758 crassus
716 1676 748 1757 et
770 1693 871 1756 laetus
890 1701 936 1755 est
960 1692 1026 1754 sine
1047 1692 1222 1769 arboribus,-
1264 1734 1266 1739 -

160 1820 234 1863 eum
259 1822 370 1884 agrum
395 1802 632 1865 frumentarium
656 1821 727 1863 esse
751 1808 887 1883 oportet.

265 1906 380 1983 arno:
406 1905 614 1991 ubi'quisque
638 1907 726 1970 locus
749 1905 961 1989 frigidissimus
984 1906 1223 1988 aquosissimusa

158 2014 312 2094 queant,
342 2013 383 2074 ibi
410 2015 546 2096 primum
574 2013 677 2074 serito
723 2011 905 2075 Pronomen
938 2009 1222 2074 demonstrativum

157 2115 242 2180 haud
273 2138 346 2180 raro
369 2116 526 2191 adiectum
550 2140 620 2181 esse
641 2117 883 2194 animadvertas,
913 2115 999 2200 quod
1018 2119 1222 2201 primigeniae

160 2224 237 2287 iliius
266 2233 441 2314 structurae
470 2227 637 2308 vestigium
665 2247 736 2288 esse
764 2233 906 2310 apparet.
956 2221 1081 2286 Deinde
1109 2226 1222 2286 iterum

159 2333 291 2412 cognosi
313 2330 392 2405 licet,
421 2332 555 2395 in‘nbro
580 2330 619 2394 de
642 2353 664 2395 r.
690 2354 714 2395 r.
740 2332 846 2417 plures
869 2332 960 2416 prisci
984 2332 1137 2393 sermonis
1161 2327 1222 2393 dic-

158 2437 260 2498 tiones
295 2438 436 2519 proprias
477 2439 579 2500 inesse
618 2458 714 2521 quam
749 2441 779 2500 in
815 2448 993 2500 ceterorum
1030 2439 1221 2520 scriptorum

159 2542 348 2624 fragmentis,
385 2541 470 2626 quod
506 2545 536 2605 in
572 2545 605 2606 iis
642 2544 763 2607 nullum
799 2553 901 2606 exstat
937 2543 1015 2605 illius
1047 2552 1221 2605 structurae

160 2648 349 2732 exemplum.
756 2629 759 2633 ¹

200 2736 202 2740 Ι
268 2756 416 2837 Sequitur
440 2763 474 2816 ut
499 2752 538 2816 de
562 2752 664 2818 modis
688 2755 740 2838 qui
765 2756 824 2818 sint
847 2756 878 2831 in
894 2756 1060 2818 enuntiatis
1084 2753 1221 2817 relativis

161 2844 362 2924 disseramus
406 2861 676 2944 Frequentissime
712 2862 928 2924 coniunctivus
952 2861 982 2924 in
1017 2861 1051 2923 iis
1076 2862 1220 2936 occurrit,

159 2969 207 3029 cui
241 2976 295 3030 aut
328 2968 532 3050 potentialem
564 2977 617 3030 aut
642 2968 768 3030 finalem
803 2976 857 3031 aut
889 2968 1123 3031 consecutivam
1157 2969 1221 3029 vim

157 3076 260 3136 inesse
285 3093 524 3154 cognoscemus.
572 3075 644 3138 Huc
668 3094 722 3136 eas
747 3094 875 3157 quoque
891 3077 1061 3136 sententias
1084 3073 1220 3136 referen-

158 3177 213 3242 das
238 3199 307 3240 esse
336 3198 419 3260 quae
448 3177 604 3267 adverbiis
628 3201 700 3255 oua,
725 3201 799 3263 que,
830 3181 891 3262 qui,
914 3181 978 3258 ubi,
1005 3177 1088 3241 unde
1113 3179 1220 3241 incho-

158 3295 249 3348 entur
272 3285 470 3349 manifestum
494 3297 551 3349 est.

267 3392 324 3454 Vis
358 3393 535 3476 potentialis
571 3396 769 3458 coniunctivo
798 3395 829 3457 in
862 3394 908 3455 his
937 3393 1102 3455 enuntiatis
1125 3393 1219 3454 inest:
1263 3478 1274 3485 ῃ

164 3495 272 3574 14,16;
298 3498 489 3563 frumentum
514 3499 601 3586 quod
623 3503 757 3585 supersit
779 3498 903 3563 vendat.
950 3499 1041 3578 86,ss
1068 3509 1098 3562 et
1121 3498 1220 3582 pabu-

158 3602 221 3666 lum
246 3602 333 3687 quod
357 3605 458 3669 bubus
493 3609 566 3670 satis
590 3609 656 3682 siet,
694 3609 747 3690 qui
771 3606 828 3668 illic
855 3608 965 3669 sient.
1019 3619 1104 3684 147:
1136 3626 1231 3688 quae·

158 3711 279 3793 reliqua
308 3732 406 3795 opera
435 3714 494 3774 sint
523 3732 633 3776 curare
662 3716 706 3776 uti
735 3710 943 3797 perficiantur.
1001 3727 1105 3791 laur:
1136 3733 1230 3794 quaer

158 3818 233 3880 satis
256 3817 438 3902 accipiunda
462 3819 550 3894 sient,
574 3820 647 3881 satis
671 3821 874 3904 accipiantur:
905 3819 1023 3902 reliqua
1054 3837 1136 3901 quae
1159 3819 1219 3880 sint

159 3925 203 3985 uti
227 3936 426 4006 conpareant.
478 3940 585 4004 1412:
612 3946 693 4009 quae
717 3927 873 4009 supersint
896 3927 940 3988 uti
965 3933 1113 3987 veneant:
1137 3945 1218 4007 quae

158 4050 239 4113 opus
264 4033 323 4093 sint
346 4031 450 4096 locato
474 4032 624 4097 locentur.

1000 4146 1033 4199 6*
