2766 4628
685 294 708 357 4

165 480 314 555 promptu
332 471 599 554 manifestumque
615 483 670 537 est.
694 471 816 556 Quodsi
838 474 934 558 igitur
956 495 996 541 ea
1015 473 1140 539 laudata
1163 496 1229 541 non

164 580 315 655 invenies,
348 580 423 643 nihil
453 575 494 642 ad
527 582 796 664 comparationem
830 579 980 648 idoneum
1013 584 1043 646 in
1066 584 1101 646 iis
1124 583 1227 647 inesse

164 704 350 769 persuasum
373 686 504 750 habeas,
550 685 721 750 Praeterea
747 689 853 751 omnia
879 688 957 751 illius
979 689 1089 752 aetatis
1112 690 1227 773 scripta

164 792 255 856 nobis
278 799 402 856 servata
424 801 459 855 ut
481 791 597 856 scilicet
619 794 710 876 potui
732 791 868 856 adhibui.

270 899 305 962 In
328 901 384 963 has
406 908 470 962 tres
492 907 605 982 partes>
620 901 786 962 materiem
810 897 913 964 divisi:

218 1053 221 1057 .
323 1005 363 1069 A.
387 1005 438 1068 De
461 1005 623 1068 uocabulis
646 1025 823 1090 eorumque
845 1008 1005 1088 scriptura

322 1113 358 1176 B.
381 1112 433 1175 De
455 1111 571 1175 formis.

323 1218 358 1281 C.
383 1218 434 1280 De
457 1219 591 1300 syntaxi.

271 1323 374 1407 Agam
408 1325 470 1387 hoc
497 1324 569 1387 loco
593 1333 716 1388 tantum
739 1323 780 1388 de
803 1327 936 1410 syntaxi,
960 1339 992 1389 et
1008 1324 1094 1410 quod
1119 1348 1223 1392 exea

163 1429 329 1493 clarissime
363 1431 565 1513 cognoscitur
593 1450 674 1514 quae
698 1429 916 1496 demonstrare
938 1430 1051 1509 studui,
1081 1444 1113 1497 et
1135 1433 1221 1518 quod

162 1533 203 1599 de
236 1538 344 1599 formis
378 1534 562 1600 Ludovicus
598 1537 709 1601 Dietze
732 1538 750 1600 l.
774 1539 794 1602 Ι.
817 1540 944 1602 minime
978 1537 1106 1623 quidem
1129 1540 1222 1624 plene

162 1663 198 1706 ac
221 1640 334 1706 diserte
357 1640 511 1707 disseruit.

557 1771 618 1852 De
650 1770 827 1878 syntaxi.

266 1906 338 1973 Non
361 1911 559 1993 propositum
589 1910 695 1971 habeo
726 1910 881 1992 syntaxim
911 1909 1118 1972 Catonianam
1148 1930 1223 1972 con·

161 2016 308 2080 scribere.
355 2015 397 2079 Et
424 2017 487 2079 hoc
518 2015 652 2079 alienum
686 2024 733 2078 est
767 2036 786 2079 a
817 2017 1003 2100 quaestione
1036 2024 1153 2091 nostra,
1191 2025 1223 2079 et

160 2122 259 2185 multa
287 2122 360 2184 milri
387 2129 455 2185 tum
485 2123 789 2186 commemoratione
821 2120 946 2205 indigna
973 2131 1005 2185 et
1034 2121 1222 2205 pervulgata

160 2224 332 2310 repetenda
349 2238 462 2291 essent.
499 2229 728 2292 Domonstrare
745 2247 825 2311 opus
844 2237 901 2303 est,
919 2229 1073 2308 syntaxim
1091 2247 1223 2311 quoque

160 2341 195 2395 ut
217 2334 315 2396 verba
343 2343 375 2396 et
398 2334 516 2397 formas
547 2335 666 2414 optime
689 2335 720 2397 in
743 2334 936 2398 Catonianae
966 2335 1077 2397 aetatis
1100 2353 1222 2398 sermo·

160 2459 234 2502 nem
258 2441 438 2502 convenire.
489 2439 590 2504 Venia
609 2441 700 2523 igitur
722 2441 795 2511 mihi
811 2440 858 2516 sit,
890 2440 915 2502 si
939 2450 1042 2503 certus
1065 2435 1220 2504 interdum

159 2543 239 2610 ordo
263 2543 468 2610 desideretur.

533 2670 572 2748 n
603 2632 846 2748 nicaenus.

264 2794 372 2857 Liceat
396 2796 469 2857 mini
492 2796 627 2878 primum
659 2791 699 2856 de
727 2794 855 2855 subiecti
879 2802 911 2855 et
943 2790 1112 2876 praedicati
1144 2815 1211 2859 con·

158 2902 302 2983 gruentia
343 2920 449 2984 agere.
504 2900 635 2963 Ponitur
672 2900 778 2982 vulgo,
819 2909 857 2973 ut
888 2908 1057 2983 pernotum
1089 2910 1147 2976 est,
1193 2908 1212 2965 s

158 3007 322 3090 complura
353 3015 426 3069 sunt
457 3007 599 3069 subiecta
629 3026 712 3089 quae
743 3015 797 3068 aut
831 3006 986 3089 particulis
1018 3016 1049 3069 et
1081 3016 1135 3070 aut
1166 3027 1194 3071 vl

158 3113 224 3177 aliis
247 3114 412 3176 coniuncta
441 3121 496 3175 aut
523 3114 589 3175 sine
621 3113 841 3175 coniunctione
863 3114 965 3192 posita
987 3122 1068 3188 sunt,
1092 3113 1168 3194 plur:

158 3221 256 3284 verbi.
311 3220 420 3304 ltaque
456 3218 490 3281 fit
522 3226 557 3280 ut
588 3212 674 3282 κατὰ
701 3212 837 3292 σύνεσιν,
871 3229 905 3282 ut
933 3216 1053 3294 dicitur,
1092 3219 1166 3302 plura

157 3328 247 3389 verbi
269 3334 411 3410 ponatur,
439 3326 491 3388 ubi
520 3329 738 3410 grammatices
768 3326 897 3410 regulae
924 3325 1116 3409 singularem
1144 3347 1168 3409 p<

156 3432 264 3496 tulant.
323 3433 415 3512 Quae
450 3435 557 3496 omnia
589 3432 733 3517 longiore
772 3432 979 3515 explicatione
1013 3453 1079 3496 non
1113 3453 1170 3516 ege

156 3541 205 3602 Sic
237 3541 267 3601 in
297 3535 423 3601 Catonis
451 3539 631 3621 fragmentis
664 3541 742 3602 haec
778 3533 946 3618 inueniesll
983 3549 1080 3615 23,14
1098 3559 1104 3599 z
1121 3540 1165 3601 sio

156 3642 309 3708 advorsus
326 3663 393 3706 rem
413 3664 503 3707 suam
530 3642 604 3727 quid
628 3643 695 3706 fieri
718 3645 914 3723 arbitrantur,
938 3662 1061 3705 summa
1085 3645 1116 3705 vi
1140 3674 1141 3677 ¹

155 3760 204 3812 tra
240 3752 355 3812 nititur.
413 3750 616 3834 62,3:siquis
648 3747 721 3834 quid
751 3749 830 3814 alter
858 3751 898 3811 ab
931 3748 1031 3812 altero
1059 3759 1131 3831 pete

160 3856 270 3936 19,16:
287 3857 388 3917 omnis
404 3857 534 3920 Graecia
550 3856 682 3940 gloriam
702 3905 709 3918 .
730 3905 736 3920 .
755 3903 763 3918 .
781 3854 985 3919 decoravere.
1021 3855 1098 3931 62‚6
1111 3877 1133 3919 :3

155 3963 367 3970 -μ

261 4012 282 4080 1)
301 4015 387 4063 Locos
407 4027 421 4062 e
441 4015 546 4066 Catonis
569 4017 637 4066 libro
662 4016 780 4065 laudatos
805 4014 945 4064 secundum
972 4014 1048 4064 Keilii
1074 4015 1134 4064 editi

154 4104 242 4154 affero.
278 4104 384 4153 Numeri
402 4104 509 4168 paginas
529 4111 554 4154 et
572 4120 661 4157 versus
680 4103 829 4168 significant.
