2766 4628
680 264 706 326 '5

159 446 191 508 -si
215 445 420 530 sponsionem
452 444 597 507 iecissent
620 442 738 506 Gellius
766 462 838 506 cum
866 441 976 507 Turio.
1006 451 1098 518 .23,7
1112 448 1228 524 :atque

164 554 244 616 baut
275 553 340 617 scio
369 571 411 615 an
442 551 555 635 partim
585 568 697 615 eorum
730 549 852 630 luerint,
881 549 935 631 qui
961 592 970 610 .
994 592 1003 613 .
1027 595 1034 608 .
1062 546 1228 612 noluerint.

166 659 250 723 Cum
291 659 383 742 igitur
425 659 475 722 hic
512 657 637 742 saepius
673 655 826 740 pluralem
869 663 1055 736 usurpatum
1089 653 1228 718 invenia-

161 785 236 828 mus
279 765 332 828 ubi
376 761 550 828 secundum
598 763 809 848 posteriorum
852 771 1032 846 temporum
1078 780 1228 846 praecep-

163 881 198 935 ta
242 870 434 955 singularem
485 878 724 955 exspectamus,
779 870 810 933 in
847 869 929 932 libro
968 865 1009 930 de
1042 887 1078 931 re
1112 868 1228 931 rustica

165 998 184 1040 e
216 977 374 1040 contrario
408 977 536 1060 saepius
571 975 763 1059 singularem
795 993 854 1057 pro
885 974 997 1057 plurali
1029 971 1226 1053 offendimus,
1311 1009 1313 1013 <

160 1083 328 1160 ut:19,8:
352 1082 450 1145 sicubi
479 1083 510 1145 in
538 1083 573 1146 iis
594 1082 672 1146 locis
693 1083 780 1167 ripae
802 1091 858 1146 aut
880 1082 969 1146 locus
991 1085 1135 1146 umectus
1158 1083 1226 1148 erit.

165 1201 265 1267 29,10
287 1189 400 1252 Robus
423 1189 569 1252 materies
591 1190 667 1253 item
690 1186 786 1255 ridica
807 1190 860 1253 ubi
883 1189 1049 1253 solstitium
1071 1189 1164 1252 fuerit
1185 1185 1226 1252 ad

163 1296 310 1359 brumam
344 1313 471 1376 semper
501 1298 690 1379 tempestiva
721 1305 777 1360 est.
833 1297 1060 1375 39,9:vimina
1091 1303 1225 1369 matura,

165 1401 244 1464 salix
266 1422 324 1486 per
354 1410 480 1485 tempus
501 1399 633 1486 legatur.
682 1403 844 1483 50,9:ubi
871 1399 1028 1466 vindemia
1057 1410 1097 1465 et
1116 1401 1227 1464 oleitas

166 1508 251 1572 iacta
284 1509 350 1572 erit.
398 1507 632 1591 60‚6:b0sque
664 1509 749 1590 ipsus
780 1518 812 1572 et
847 1510 899 1592 qui
934 1507 1020 1572 dabit
1053 1507 1227 1572 sublimiter

163 1623 236 1678 stet.
282 1615 466 1692 64,1:eam
490 1635 559 1678 rem
579 1612 716 1678 divinam
740 1614 792 1678 vel
815 1634 925 1678 servus
948 1614 1000 1678 vel
1023 1614 1101 1678 liber
1123 1614 1226 1677 licebit

166 1718 265 1785 faciat.
311 1733 396 1800 945.
420 1717 520 1804 siquid
544 1727 670 1804 emptor
697 1729 751 1784 aut
773 1729 916 1805 pastores
939 1730 994 1785 aut
1016 1739 1115 1803 pecus
1137 1741 1225 1806 emp-

160 1829 240 1892 toris
267 1825 397 1891 domino
426 1824 532 1891 damni
560 1823 691 1891 dederit.
741 1840 818 1905 949
831 1845 838 1888 τ
851 1825 952 1910 siquid
985 1824 1143 1893 domimus
1171 1837 1226 1891 aut

161 1953 259 2019 pecus
281 1935 416 2016 emptori
439 1931 544 1999 damni
567 1930 696 1997 dederit.

267 2037 306 2103 In
338 2041 511 2104 rationibus
546 2039 618 2104 talia
661 2039 760 2103 multo
799 2039 902 2103 minus
939 2038 1104 2106 offensioni
1141 2049 1224 2117 sunt,

159 2166 235 2210 cum
278 2148 309 2209 in
353 2148 388 2209 iis
433 2155 468 2209 ut
504 2165 588 2210 nunc
628 2147 670 2211 ita
714 2146 842 2210 Catonis
882 2149 1077 2231 temporibus
1120 2167 1224 2232 gram·

160 2253 292 2316 matices
323 2273 457 2317 severae
489 2253 619 2337 regulae
652 2253 745 2338 plane
781 2251 997 2337 neglegantur.
1055 2252 1223 2333 Utz91‚9:

160 2363 380 2426 accessiones:
402 2363 432 2425 in
470 2341 506 2430 ll.
545 2360 642 2429 00CC
681 2355 801 2424 accedit
840 2358 932 2422 oleae
972 2359 1073 2425 salsae
1112 2343 1148 2430 tir.
1183 2363 1225 2430 V.

160 2479 262 2545 91,19
275 2487 281 2529 :
296 2469 322 2530 si
353 2471 530 2552 sumpserit,
564 2471 594 2532 in
623 2466 759 2551 singulas
788 2466 983 2547 sumptiones
1015 2468 1069 2533 SS.
1102 2467 1139 2532 N.
1162 2468 1224 2534 XL

161 2569 357 2638 deducentur
380 2597 484 2660 neque
514 2573 688 2638 debebitur.
733 2570 805 2637 Non
827 2570 992 2636 referimus
1018 2573 1132 2638 scilicet
1154 2595 1224 2638 ver·

161 2680 240 2742 bum
275 2678 316 2744 ad
350 2682 490 2766 singulos
524 2678 650 2747 modios
684 2688 740 2743 ant
771 2695 929 2758 nummos,
962 2675 1018 2742 sed
1047 2676 1101 2743 ad·
1122 2689 1223 2744 totam

158 2805 323 2851 summam
355 2795 438 2872 quae
466 2791 500 2852 iis
531 2787 672 2852 efficitur.
724 2786 831 2854 Unum
860 2795 964 2851 exstat
986 2787 1169 2870 exemplum
1192 2788 1223 2851 in

161 2894 225 2957 boc
248 2893 337 2970 libro,
365 2897 396 2959 in
425 2916 490 2979 quo
513 2895 676 2979 singularis
697 2897 784 2958 verbi
807 2894 847 2960 ad
870 2895 1022 2978 pluralem
1046 2904 1078 2958 et
1100 2914 1223 2960 mascu-

159 3000 264 3064 linum·
290 2999 330 3065 ad
361 3013 510 3067 neutrum
540 3007 683 3068 retertur.
729 3002 884 3066 Insertum
908 3000 1034 3084 quidem
1058 3011 1106 3066 est
1128 3004 1237 3082 alium·

160 3110 367 3185 enuntiatum,
391 3108 592 3173 nihilominus
608 3130 657 3172 res
677 3107 819 3174 notanda
830 3118 887 3173 est.
920 3109 1008 3173 Haec
1032 3107 1117 3174 dico:
1133 3109 1219 3190 69,5:
1250 3162 1252 3166 .

159 3214 258 3292 „item
281 3216 432 3279 ahenea
460 3217 565 3279 omnia
588 3217 720 3299 unguito
748 3213 804 3279 sed
826 3217 913 3299 prius
941 3225 1104 3298 extergeto
1128 3214 1222 3281 bene.

158 3324 285 3404 postea
301 3341 373 3384 cum
406 3324 533 3385 unxeris
560 3342 632 3385 cum
655 3323 699 3385 uti
722 3322 812 3385 votes
840 3331 1019 3405 extergeto,
1053 3318 1222 3405 splendi-

159 3424 230 3489 dior
252 3428 311 3490 erit
333 3437 365 3491 et
387 3445 507 3512 aerugo
530 3432 672 3495 nouerit
691 3428 874 3493 molestus.“
921 3429 992 3491 Huc
1014 3429 1077 3492 hoc
1093 3448 1222 3512 quoque

144 3526 342 3616 exemplum
358 3539 506 3620 pertinet:
539 3547 644 3616 17,24:
680 3527 802 3613 „aratra
826 3553 1036 3618 vomeresque
1061 3534 1153 3598 facito
1178 3537 1223 3599 uti

158 3641 1223 3728 bonoshabeas.‘⁴Vulgariapraeceptahistantumlocisobservata

156 3755 244 3810 sunt:
257 3753 345 3828 34,8:
357 3769 398 3812 ne
411 3768 491 3831 cupa
504 3759 536 3813 et
545 3749 650 3813 clavus
663 3758 873 3813 conterantur.
896 3747 984 3827 60,1:
1002 3748 1129 3829 bosque
1139 3749 1223 3831 ipsus

159 3863 191 3918 et
208 3856 262 3938 qui
278 3852 365 3919 dabit
380 3856 474 3920 facito
490 3867 525 3920 ut
542 3867 675 3940 uterque
692 3855 865 3920 sublimiter
885 3863 976 3918 stent.
1017 3856 1106 3934 948:
1125 3877 1222 3941 pecus

159 3970 190 4024 et
212 3961 336 4038 familia,
361 3981 444 4046 quae
466 3963 524 4026 illic
548 3965 614 4040 erit,
643 3964 763 4048 pigneri
786 3971 891 4027 sunto.
937 3963 989 4046 Jis,
1022 3982 1105 4046 quae
1127 3982 1222 4046 supra

157 4069 250 4152 posui
272 4069 382 4132 similia
405 4070 553 4152 exempla
576 4071 654 4134 haec
677 4079 799 4133 tantum
818 4070 950 4153 repperi,
973 4087 1057 4151 quae
1078 4068 1223 4132 Holtzius
1282 4081 1285 4084 ’
