2766 4628
682 284 698 345 l

162 482 251 546 rapa,
275 463 442 545 raphanos,
465 463 593 543 milium,
616 465 773 546 panicum,
797 462 993 533 idmaxime
1009 466 1070 528 seri
1090 474 1226 549 oportet.

116 596 120 603 ⁴
164 580 251 644 22,7.
275 579 364 652 prata
376 571 516 653 iurigiva,
539 572 563 632 si
580 589 694 657 aquam
708 571 846 650 habebis,
870 569 1110 655 idpotissimum
1123 572 1224 654 facito.

163 687 250 753 37,5.
275 697 332 739 eos
349 673 406 752 (sc.
431 673 603 757 vinaceos)
628 677 811 739 conculcato
835 679 866 739 iu
891 674 973 740 dolia
996 679 1100 761 picata
1123 678 1174 740 vel
1197 679 1229 741 in

164 783 268 845 lacum
291 784 439 863 picatum.
464 780 499 844 id
523 784 606 846 bene
629 785 736 846 iubeto
760 784 864 846 oblini.
909 784 1002 859 63,5:
1028 784 1169 846 Emeum
1185 785 1227 846 sic

160 889 268 952 'facito‘
291 898 454 972 tamquam
477 889 662 970 placentam.
700 888 812 962 eadem
834 892 941 955 omnia
969 887 1067 954 indito
1091 909 1174 973 quae
1197 892 1228 953 in

162 994 350 1078 placentam.
380 993 417 1059 id
448 997 637 1079 permisceto
665 998 694 1059 in
729 997 832 1075 alve0,
870 994 902 1060 ld
924 993 1020 1060 indito
1044 998 1074 1060 iu
1098 997 1228 1067 irneam.

163 1101 278 1180 63,14;
305 1103 390 1164 larris
412 1102 449 1165 L.
467 1102 517 1165 lll.
542 1113 574 1166 et
597 1101 672 1166 lardi
689 1103 722 1166 P.
741 1104 806 1168 llll.
824 1105 911 1176 §.jet
933 1105 1047 1188 pulpae
1070 1100 1106 1164 P.
1118 1103 1185 1166 llll.
1194 1105 1230 1166 S.

164 1210 282 1272 vini-S.
307 1209 369 1286 lll.‚
413 1206 448 1270 id
487 1211 518 1271 iu
556 1229 653 1273 uuum
688 1231 745 1275 vas
768 1211 861 1274 liceto
887 1212 1020 1274 coicere.
1067 1210 1228 1290 Similiter:

157 1314 270 1394 burg.
297 1313 679 1393 65,8.9.66,11.78„3.
708 1332 756 1396 14.
1017 1386 1020 1392 A
1154 1389 1156 1392 v

275 1435 369 1498 91‚t:
407 1423 460 1504 qui
487 1423 591 1486 oleam
615 1423 736 1506 legerit,
764 1425 817 1508 qui
845 1422 1017 1508 deportarit
1037 1426 1071 1500 -in
1094 1423 1230 1507 singulas

167 1526 405 1613 deportationas
437 1530 494 1594 SS.
518 1529 553 1592 N.
578 1529 614 1592 ll.
643 1527 837 1599 deducentur
863 1551 968 1614 neque
996 1528 1031 1593 id
1055 1528 1229 1593 debebitur.

157 1668 160 1673 ·
271 1648 360 1712 37,7:
385 1638 444 1699 erit
467 1637 535 1700 lora
558 1635 702 1710 familiae,
727 1634 829 1719 quod
853 1636 948 1699 bibat.

271 1743 429 1806 Conferas.
448 1764 518 1806 cum
548 1745 582 1804 iis
605 1740 649 1805 Pl.
672 1741 759 1805 Trin.
785 1756 866 1818 402:
901 1741 1023 1817 „Minus
1051 1738 1228 1824 quindecim

164 1845 231 1911 dies
266 1858 348 1923 suut,
380 1870 477 1932 quom
512 1869 571 1932 pro
604 1850 688 1911 hisce
721 1845 851 1911 aedibus
886 1847 992 1924 lllinas¹
1022 1845 1227 1931 quadraginta

158 1951 311 2036 accepisti
334 1974 354 2016 a
378 1953 512 2018 Callicle.
559 1951 641 2034 Quid
664 1954 813 2018 factumst
836 1955 925 2017 e0?“
961 1950 1013 2017 Ad
1037 1974 1132 2037 quem
1158 1973 1226 2036 ver·
1273 1999 1276 2003 -

162 2080 232 2123 sum
258 2062 380 2123 Brixius
413 2063 493 2123 haec
529 2060 675 2124 adnotat:
710 2062 753 2124 Es
776 2063 814 2124 ist
838 2062 1005 2134 Gebrauch
1029 2057 1085 2122 der
1108 2058 1226 2123 Volks·

160 2169 295 2250 sprache
326 2168 405 2229 nach
440 2167 574 2250 Angabe
608 2168 694 2230 einer
718 2164 924 2230 Geldsumme
957 2169 997 2240 im
1021 2166 1125 2229 Plural
1152 2185 1225 2247 pro-

156 2274 321 2336 ·nomiuale
345 2275 568 2356 Beziehuugen
592 2270 706 2337 darauf
726 2273 952 2349 kollektivisch·
968 2275 1010 2336 im
1032 2270 1142 2354 Neutr.
1167 2273 1223 2356 sgl.

161 2397 201 2442 211
226 2383 340 2464 geben.
388 2381 460 2461 Qua
495 2383 526 2443 in
560 2389 605 2443 re'
628 2390 747 2464 quanto
771 2381 895 2464 longius
919 2381 1002 2444 Cato
1025 2384 1223 2464 processerit,

162 2507 338 2570 cognoscas
362 2507 494 2571 quaeso.
542 2485 637 2568 Apud
662 2485 810 2551 Plautum
833 2491 908 2550 item
932 2486 1031 2551 multa
1046 2507 1128 2571 quae
1152 2496 1225 2549 sunt

160 2592 305 2656 cotidiani
329 2595 485 2656 sermonis
509 2590 797 2676 deprehenduntun
821 2591 879 2656 sed
902 2606 1009 2657 tamen
1032 2578 1224 2679 permultum

162 2698 327 2762 intercedit
344 2701 430 2762 inter
453 2699 552 2762 Plauti
576 2709 608 2762 et
624 2701 766 2764 Cotouis'
778 2721 970 2781 sermonem,
993 2722 1089 2784 quem
1102 2703 1132 2762 in
1145 2701 1224 2764 libro

160 2803 201 2867 de
236 2826 260 2868 r.
286 2828 307 2869 r.
345 2807 529 2868 invenimus.
580 2806 660 2869 Cum
695 2809 778 2871 enim
814 2807 959 2871 Plautum
993 2828 1117 2883 summa
1151 2827 1224 2871 cum

159 2907 319 2994 diligentia
342 2911 506 2994 multoque
529 2913 639 2975 labore
663 2915 839 2976 orationem
862 2916 1044 2977 tractavisse
1067 2923 1225 2998 appareat,

159 3019 234 3100 quin
259 3019 338 3082 Cato
357 3019 404 3082 ‘ita
428 3040 493 3082 non
516 3020 624 3083 lecerit
646 3040 710 3082 non
734 3017 830 3084 debet
854 3018 998 3083 dubitari.
1036 3020 1145 3105 ltaque
1171 3020 1221 3097 vel

161 3123 318 3188 eiusmodi
353 3125 457 3188 locum
481 3135 515 3188 ut
547 3126 638 3204 463:
662 3125 754 3204 „inde
777 3127 943 3191 laterculos
966 3125 1070 3203 facitu,
1095 3130 1224 3211 coquito

159 3233 190 3294 in
226 3231 355 3294 fornace
379 3251 453 3294 eum
476 3234 630 3298 couterito
665 3231 760 3317 idque
792 3231 951 3297 inducito“
974 3235 1130 3316 integrum
1154 3254 1224 3296 esse

157 3347 236 3419 puto
260 3358 366 3422 neque
396 3340 583 3402 coniecturis
618 3347 713 3420 egere
746 3359 804 3403 nec
832 3339 974 3424 Popmae
998 3342 1051 3424 qui
1075 3349 1141 3403 tum
1165 3361 1224 3424 pro

159 3465 234 3507 eum
259 3465 318 3508 nec
342 3446 432 3508 Keilii
455 3448 589 3530 quixeos
612 3466 734 3529 ponere
758 3447 877 3510 volunt.

555 3635 603 3709 Do
626 3636 824 3711 accusativo.

262 3762 541 3847 Supervacaneum
578 3773 625 3828 est
661 3766 756 3853 fusius
792 3764 945 3830 disserere
980 3764 1021 3830 de
1039 3770 1219 3842 accusativo

156 3891 329 3934 mensurae
353 3880 406 3933 aut
429 3874 580 3954 temporis
604 3882 658 3935 aut
675 3872 714 3935 de
730 3875 909 3937 accusativo
923 3884 995 3958 post
1010 3875 1110 3947 verba
1133 3871 1220 3948 adiu,-

155 3999 241 4057 vare,
265 3978 397 4057 caelare,
421 3979 596 4053 consulere,
619 3981 715 4063 piget,
729 3999 863 4054 cavere,
887 3982 1027 4044 animum
1042 3978 1218 4044 advertere.

159 4084 261 4168 Agant
285 4087 315 4148 in
334 4087 396 4148 hoc
412 4086 513 4166 capite
529 4087 664 4166 primum
682 4084 721 4150 de
732 4088 910 4151 accusativo
922 4087 1080 4165 absoluto,
1104 4085 1218 4155 deinde
