2766 4628
622 257 662 318 57

111 447 191 512 777:
218 445 249 497 et
272 453 378 517 neque
402 406 556 515 opinantis
572 436 710 498 tenebris
727 432 885 498 obducere
902 432 1042 516 terrasl)
1080 435 1174 498 Prae-

110 552 197 604 terea
221 560 278 622 per
301 562 335 603 se
363 561 428 604 non
458 549 505 603 est
534 541 695 624 probabile
719 542 802 604 illam
829 545 962 626 priscam
986 542 1173 623 precationis

109 647 279 710 formulam
303 649 345 710 ita
368 648 585 728 interpolatam
611 670 689 712 esse.

217 785 333 851 Neve

223 893 311 958 Neve
335 916 392 979 per
416 905 516 959 totum
541 895 653 959 librum
677 906 742 959 tum
765 906 888 958 tantum
911 904 1095 976 usurpatum
1119 904 1175 975 est,

112 1021 185 1063 cum
219 1000 352 1064 alterum
389 1004 593 1079 enuntiatum,
629 1023 694 1086 quo
722 999 836 1086 aliquid
859 1011 993 1082 vetatur,
1017 997 1175 1084 praecedit

111 1119 146 1170 ut
174 1120 259 1183 12,l:
293 1106 482 1186 „Praedium
507 1130 607 1193 quom
630 1129 742 1192 parare
770 1110 920 1190 cogitabis
948 1110 991 1170 sic
1015 1109 1045 1171 in
1068 1110 1174 1171 animo

111 1214 239 1294 habet0‚
263 1217 306 1277 uti
330 1236 370 1278 ne
394 1213 506 1299 cupide
530 1234 627 1292 emas,
651 1236 734 1278 neve
759 1237 856 1300 opera
879 1225 933 1278 tua
948 1235 1058 1299 parcas
1070 1216 1174 1277 visere

112 1329 143 1382 et
168 1340 209 1382 ne
233 1323 306 1384 satis
341 1323 458 1384 habeas
482 1323 581 1384 semel
610 1323 806 1384 circumire.‘·'
853 1318 955 1394 Quam
979 1322 1175 1383 severissime

111 1427 190 1489 haec
223 1428 333 1511 regula
367 1437 437 1491 toto
470 1431 500 1491 in
535 1429 613 1491 libro
638 1430 805 1491 observata
829 1439 885 1490 est.
924 1430 954 1490 Si
979 1432 1175 1493 enuntiatum

112 1531 306 1615 praecedens
329 1555 394 1598 non
418 1545 568 1618 negatum
593 1544 649 1613 est,
672 1552 730 1615 pro
755 1556 838 1597 neve
861 1537 1000 1616 ponitur:
1026 1547 1057 1599 et
1076 1538 1176 1599 utine

114 1640 350 1718 5O,7:1locum
386 1661 481 1723 quam
518 1641 766 1723 optimum...
799 1651 830 1703 et
865 1661 959 1724 quam
989 1643 1176 1705 simillimum

113 1765 213 1826 genus
237 1756 338 1809 terrae
362 1769 421 1810 eae
445 1748 498 1809 ubi
515 1749 636 1809 semina
652 1748 810 1829 positurus
827 1749 897 1822 eris,
923 1757 953 1809 et
970 1750 1014 1811 uti
1030 1769 1070 1811 ne
1086 1751 1176 1812 nimis

113 1854 208 1936 longe
244 1856 364 1917 semina
399 1874 439 1916 cx
475 1856 643 1917 seminario
673 1854 821 1918 serantur.
868 1853 1048 1938 Numquam
1070 1876 1176 1939 neque

113 1981 171 2044 pro
196 1980 279 2021 neve
302 1961 437 2043 ponitur.
486 1961 525 2023 Et
549 1981 589 2022 ne
612 1960 744 2043 legimus
768 1962 797 2023 in
827 1961 977 2045 exemplo
1000 1983 1095 2046 supra
1119 1982 1176 2046 po-

113 2069 172 2129 sito
196 2087 254 2150 pro
278 2087 371 2141 neve,
395 2064 481 2149 quod
495 2087 559 2129 non
581 2087 701 2129 novum
719 2069 859 2148 sequitur
878 2078 1094 2150 praeceptum,
1119 2065 1174 2129 sed

113 2170 307 2256 praecedens
331 2183 452 2236 tantum
477 2173 658 2256 explicatur.
688 2172 882 2253 Neve-neve,
907 2171 992 2253 quod
1014 2175 1085 2236 alibi
1108 2194 1173 2236 non

113 2281 296 2363 frequenter
312 2282 353 2342 ita
365 2281 520 2342 invenitur
538 2289 567 2342 nt
581 2280 714 2342 alterum
727 2277 859 2343 alterum
871 2281 1012 2363 excipiat,
1024 2282 1071 2342 his
1082 2281 1177 2342 liabe-

114 2407 183 2449 mus
197 2387 284 2449 locis:
302 2387 369 2462 18‚1
381 2385 529 2448 :Terram
542 2387 692 2448 ceriosam
704 2406 917 2464 caveneares‚
931 2408 1011 2449 neve
1025 2387 1177 2471 plostrum

114 2513 197 2556 neve
221 2513 319 2577 pecus
352 2492 486 2575 inpellas.
522 2506 609 2569 444:
648 2492 787 2554 Omnino
812 2503 925 2556 caveto
950 2514 1086 2576 nequam
1111 2514 1178 2556 ma-

113 2601 224 2662 teriam
249 2597 338 2662 doles
361 2619 424 2661 neu
449 2596 562 2661 caedas
586 2619 648 2660 neu
671 2609 790 2680 tangas,
814 2599 838 2659 si
861 2608 953 2681 potes
977 2599 1035 2660 nisi
1059 2600 1176 2661 siccum

115 2725 177 2768 neu
214 2703 348 2787 gelidam
383 2725 444 2766 neu
469 2705 668 2767 rorulentam.
715 2716 822 2782 4415.
849 2705 957 2788 iguem
990 2717 1103 2769 caveto
1136 2727 1177 2768 ne

115 2813 297 2875 intermittas
321 2813 395 2894 quin
412 2831 538 2894 semper
554 2812 621 2886 siet,
645 2831 729 2873 neve
744 2821 841 2874 noctu
857 2832 939 2874 neve
955 2812 1019 2874 ullo
1031 2823 1177 2895 tempore

114 2919 334 2981 intermittatur
358 2928 480 2980 caveto,
507 2915 595 2996 89,7:
621 2917 747 2980 Vicinas
763 2917 901 3000 aliasque
919 2919 1064 2980 mulieres
1081 2939 1176 3000 quam

115 3026 276 3087 minimum
300 3033 404 3086 utatur
428 3044 509 3086 neve
534 3021 665 3086 domum
689 3044 770 3086 neve
794 3021 833 3086 ad
857 3044 927 3086 sese
951 3027 1088 3108 recipiat.

222 3149 273 3210 De
296 3142 452 3232 particulis
476 3157 529 3210 aut
554 3157 585 3209 et
609 3148 669 3223 vel,
694 3168 826 3229 quorum
852 3168 926 3210 usus
943 3148 1015 3210 nilril
1027 3148 1177 3227 praebeat

116 3265 293 3317 memoratu
329 3252 455 3337 dignum
490 3265 665 3333 taceamuS,
705 3263 736 3316 et
774 3264 943 3316 tractemus
976 3273 1069 3316 usum
1105 3273 1175 3336 par-

114 3357 244 3422 ticulae:

221 3503 320 3564 Sive.

154 3672 157 3676 Α
222 3606 318 3692 apud
336 3608 480 3672 Plautum
503 3607 690 3690 plerumque
713 3627 777 3669 non
794 3607 995 3684 siue-siue,
1020 3603 1076 3668 sed
1099 3607 1178 3669 εἰ·-υ

116 3715 183 3777 sive
207 3709 395 3798 reperitur.2)
433 3715 558 3776 'lanren
590 3715 656 3776 sive
680 3748 722 3756 -
746 3713 811 3774 sive
845 3731 911 3774 non
945 3712 1037 3795 plane
1073 3713 1100 3773 ei
1124 3711 1177 3773 ab·

117 3893 329 3900 ——.——-—-

223 3978 243 4046 ¹)
260 3981 291 4032 cf.
310 3980 459 4029 Lachmann
478 3980 518 4031 acl.
538 3981 562 4028 h.
582 3995 607 4028 v.

222 4068 244 4131 ²)
265 4071 295 4119 cf.
315 4070 416 4119 Ritschl
437 4069 507 4119 Prol.
526 4069 558 4116 ad
577 4066 648 4117 Trin.
671 4083 695 4132 p.
716 4063 758 4128 84.
779 4073 838 4121 324.
