2766 4628
650 261 690 322 53

134 436 278 500 Holtzius
302 444 416 500 censet.
464 437 543 499 Esse
566 455 661 518 posse
686 436 837 514 concedo,
862 460 993 503 necesse
1017 462 1087 504 esse
1101 462 1195 524 nego.

133 543 276 607 Holtzius
300 554 373 606 ante
398 541 513 606 eodem
536 555 690 624 punctum
712 554 767 607 aut
791 547 919 627 gravius
951 545 1113 628 quoddam
1137 545 1196 611 dis-

135 651 292 713 tinctionis
316 651 439 733 signum
463 667 584 729 ponere
609 649 712 726 debet,
741 661 846 732 potest
874 661 980 715 autem
1009 652 1123 718 eodem
1148 655 1198 718 vel

132 758 247 837 potius,
272 777 343 820 mea
366 754 494 842 quidem
519 759 684 832 sententia,
713 758 844 821 meliore
873 760 938 821 iure
967 761 1009 823 sic
1038 757 1195 843 distingui:

133 873 268 946 „postea
302 864 398 926 salem
434 860 542 926 addito
566 871 597 926 et
632 865 747 926 cumini
775 864 953 945 paululum3
987 875 1019 929 et
1046 865 1196 950 pollinem

133 969 282 1051 polentae
306 967 420 1033 eodem
444 967 551 1033 addito
574 980 606 1032 et
619 970 755 1046 oleum“,
789 973 888 1034 itaut
911 971 1052 1034 ultimum
1077 981 1108 1035 et
1142 993 1196 1036 ne·

133 1088 196 1139 ctat
230 1077 386 1140 vocabula
409 1076 557 1160 pollinem
592 1085 624 1138 et
658 1077 773 1140 oleum.
830 1078 910 1141 Item
944 1079 1005 1141 hoc
1040 1079 1110 1142 loco
1145 1101 1196 1142 res

133 1181 226 1249 dubia
251 1205 321 1247 esse
344 1192 463 1268 potest:
489 1183 600 1258 61,11:
625 1183 730 1246 locum
755 1185 808 1246 ubi
824 1204 941 1267 coquas
958 1184 1097 1248 calfacito
1114 1186 1195 1249 bene

130 1299 162 1353 et
185 1300 310 1354 testum.

237 1407 269 1460 et
297 1432 340 1441 —
369 1406 400 1460 et
427 1397 621 1480 saepissime,
652 1397 750 1460 semel
784 1395 884 1476 (15,9)
919 1407 951 1459 et
973 1431 1016 1442 ·-
1040 1407 1072 1460 et
1095 1433 1139 1442 —
1163 1407 1194 1461 et

131 1506 266 1568 occurit:
301 1516 334 1568 et
368 1504 413 1566 rei
448 1512 480 1565 et
514 1504 618 1565 virtuti
653 1512 683 1565 et
713 1503 831 1585 gloriae
856 1505 921 1566 erit.
967 1524 1073 1587 neque
1096 1514 1194 1568 -et

128 1645 172 1655 -
197 1605 256 1696 (et)
280 1621 328 1676 ter
346 1610 514 1676 offenditur
538 1607 658 1695 (68,15.
678 1609 763 1684 80,8.
780 1609 843 1691 11.)
882 1608 1094 1694 Polysyndeta
1111 1631 1193 1694 quae

131 1728 287 1782 vocantur
310 1722 422 1784 crebro
446 1723 647 1785 inveniuntur
669 1727 716 1779 ut:
742 1727 832 1792 73‚2:
856 1714 887 1778 id
910 1718 1018 1789 vinum
1043 1719 1100 1780 erit
1122 1718 1193 1782 lene

129 1831 161 1885 et
174 1845 276 1889 suave
295 1836 327 1889 et
351 1828 437 1890 bono
462 1826 569 1890 colore
588 1837 619 1888 et
636 1826 717 1887 bene
734 1820 911 1886 odoratum.
945 1821 1057 1907 Neque
1074 1845 1192 1908 operae

128 1933 264 2014 pretium
285 1936 323 1997 sit
346 1955 387 1998 ea
409 1953 608 1997 enumerare.
654 1927 820 2015 Asyndeta
841 1930 920 1992 item
944 1930 1192 2013 frequentissime

28 2094 32 2101 s
128 2041 327 2122 reperiuntur
362 2050 393 2104 et
426 2043 456 2102 in
495 2037 784 2102 enumerationibus
818 2046 850 2098 et
873 2038 915 2100 ita
938 2039 1134 2118 potissimum
1158 2047 1192 2101 ut
1265 2044 1266 2047 ’

129 2145 303 2226 imperativi
335 2149 401 2210 sine
437 2147 656 2209 coniunctione
690 2142 768 2205 alius
801 2151 874 2226 post
901 2143 995 2205 alium
1018 2155 1190 2224 ponantur:

128 2260 163 2313 ut
189 2253 272 2332 12‚6:
298 2256 342 2316 uti
366 2256 486 2318 bonum
511 2252 634 2316 caelum
657 2251 786 2326 habeat,
815 2271 855 2312 ne
884 2249 1100 2314 calamitosum
1123 2253 1190 2329 siet,

127 2356 197 2420 solo
231 2361 318 2423 bono
354 2381 412 2424 sua
443 2362 556 2424 virtute
593 2359 712 2439 valeat3
745 2357 970 2440 permultisque
1005 2357 1070 2421 aliis
1102 2359 1187 2422 locis.

126 2465 333 2545 Simplicitate
366 2469 425 2531 hac
464 2467 688 2530 sententiarum
724 2483 864 2526 conexus
907 2465 1190 2548 antiquissimarum

45 2638 47 2642 μ
126 2569 232 2654 legum
267 2594 447 2650 monemur,
483 2573 568 2659 quod
604 2576 633 2637 iu
667 2576 701 2636 iis
724 2591 853 2656 quoque
877 2569 999 2653 singula
1020 2582 1190 2655 praecepta

126 2676 209 2740 nulla
233 2680 346 2763 copula
370 2683 473 2746 iuncta
496 2682 630 2745 alterum
655 2680 788 2743 alterum
813 2674 1007 2761 excipiuntl')

233 2785 336 2851 Venia
371 2790 444 2851 milri
480 2791 526 2869 sit,
561 2786 647 2872 quod
672 2789 720 2851 hic
744 2790 846 2851 statim
871 2785 911 2850 de
935 2808 974 2850 ea
996 2808 1030 2849 re
1055 2784 1188 2870 disput0‚

126 2893 250 2976 saepius
284 2912 342 2974 per
369 2906 401 2959 et
429 2898 460 2959 in
484 2897 612 2960 Catonis
640 2896 719 2959 libro
747 2896 877 2978 imparia
905 2895 1027 2958 conecti
1054 2901 1088 2956 ut
1115 2895 1188 2956 sub·

123 3000 260 3063 stantiva
276 3011 307 3064 et
331 3005 490 3067 enuntiata
513 3013 566 3067 aut
590 3004 646 3067 alia
671 3004 737 3065 eius
756 2999 852 3065 modi.
898 3001 987 3064 Haec
1010 3010 1082 3064 sunt
1105 3021 1188 3086 quae

125 3103 210 3168 dico:
241 3121 350 3186 1417:
381 3111 572 3176 ferramenta
594 3121 718 3190 vetera,
752 3129 879 3172 servum
903 3130 1025 3185 senem,
1060 3127 1186 3171 servum

125 3214 310 3278 morbosum
346 3225 378 3279 et
412 3215 515 3300 siquid
549 3218 624 3281 aliut
651 3217 784 3300 supersit
807 3213 931 3278 vendat.
981 3216 1067 3290 18,4;
1092 3212 1121 3276 id
1145 3235 1186 3277 ex

123 3318 209 3382 sanie
233 3330 264 3383 et
288 3324 312 3384 si
335 3322 444 3407 inpluit
466 3323 532 3387 lieri
555 3326 644 3387 solet.
692 3335 782 3399 495:
808 3342 871 3406 qua
894 3321 982 3384 locus
998 3330 1083 3384 recte
1099 3321 1186 3384 ferax

124 3427 198 3502 erit,
232 3447 315 3509 quae
347 3427 435 3492 arida
457 3440 550 3493 erunt
573 3442 604 3493 et
628 3427 728 3513 siquid
757 3439 870 3491 ventus
893 3429 1112 3514 interiregerit,
1148 3449 1185 3492 ea

108 3528 230 3608 *omnia
261 3536 401 3599 eximito.
449 3548 536 3616 79‚1:
574 3535 626 3600 Ad
649 3538 784 3599 tormina
808 3543 839 3596 et
862 3535 886 3596 si
909 3535 999 3597 alvus
1022 3556 1087 3600 non
1111 3556 1185 3598 con·

40 3675 41 3678 =
122 3639 209 3702 sistet
232 3651 264 3702 et
287 3643 312 3704 si
335 3644 458 3705 taeniae
494 3653 526 3705 et
553 3643 692 3706 lumbrici
717 3646 839 3709 molesti
864 3655 964 3706 erunt.
1010 3643 1109 3722 65,19
1132 3643 1185 3705 ubi

122 3745 313 3810 nubilabitur
347 3759 378 3811 et
401 3759 498 3813 noctu
521 3751 579 3812 sub
603 3759 687 3813 tecto
721 3753 841 3835 ponito,
887 3762 941 3814 aut
970 3761 1057 3829 19,7:
1082 3749 1185 3812 ulmos

122 3854 218 3916 serito
254 3863 285 3916 et
319 3858 431 3939 partim
455 3856 592 3942 populos
628 3859 669 3919 uti
704 3856 848 3920 frondem
881 3858 994 3920 ovibus
1026 3865 1058 3919 et
1081 3856 1184 3919 bubus

230 4078 254 4150 1)
273 4085 304 4134 cf.
324 4085 437 4137 Schoell.
457 4087 520 4136 Lex.
541 4087 620 4140 duod.
639 4090 690 4137 tab.
710 4103 735 4152 p.
758 4098 816 4139 100.
