2766 4628
653 274 693 336 72

253 453 335 528 15,6:
368 453 420 514 ubi
454 462 540 515 aetas
574 456 705 517 accessit
736 450 776 516 ad
809 474 909 516 annos
942 453 1099 531 XXXVI,
1136 464 1205 518 tum

141 555 306 623 aedificare
330 568 467 643 oportet,
491 561 515 621 si
539 579 651 642 agrum
677 561 833 623 consitum
857 561 982 624 babeas.

252 679 358 743 1519:
395 675 536 750 trapetos
559 667 663 729 bonos
686 671 793 747 privos
818 668 940 748 inpares
973 688 1044 730 esse
1067 678 1205 750 oportet,

142 772 167 833 si
191 771 286 834 orbes
310 774 431 835 contriti
456 775 546 850 sient,
568 783 602 835 ut
627 783 811 836 conmutare
833 775 943 857 possis.

253 880 337 956 19,8:
372 881 487 942 circum
517 900 650 943 coronas
679 889 711 942 et
738 882 853 943 circum
882 882 949 944 vias
976 881 1080 944 ulmos
1109 884 1206 945 serito

141 992 173 1044 et
197 985 309 1068 partim
336 985 483 1068 populos,
515 996 550 1048 ut
578 984 720 1049 frondem
750 988 860 1049 ovibus
889 997 921 1050 et
947 988 1050 1049 bubus
1077 988 1206 1068 habeas,

142 1100 177 1153 ut
201 1093 347 1153 materies
371 1093 462 1175 siquo
486 1113 567 1176 opus
590 1096 638 1169 sit,
663 1104 772 1178 parata
795 1096 862 1157 erit.

249 1198 338 1272 28,6:
372 1201 396 1261 si
425 1197 464 1260 de
496 1200 585 1262 caelo
614 1200 685 1263 villa
714 1210 796 1264 tacta
823 1203 881 1264 siet
911 1197 950 1262 de
979 1221 1019 1263 ea
1041 1221 1075 1262 re
1104 1201 1205 1264 verba

140 1304 185 1364 uti
208 1303 292 1367 liant.

247 1423 338 1490 479:
373 1414 501 1497 insuper
527 1413 633 1497 lingua
657 1415 774 1478 bubula
803 1413 954 1496 obtegito,
988 1414 1012 1475 si
1047 1411 1134 1496 pluat
1163 1432 1206 1474 ne

141 1537 223 1600 aqua
247 1520 277 1581 in
301 1518 413 1581 librum
437 1530 611 1604 permanet.

247 1623 338 1699 oab:
363 1645 436 1687 nam
455 1627 479 1686 si
498 1627 628 1689 intecto
649 1647 778 1709 coquas,
802 1646 872 1688 cum
890 1626 1031 1688 bitumen
1047 1634 1079 1687 et
1094 1624 1206 1707 sulpur

141 1730 279 1796 additum
303 1741 360 1812 est,
382 1729 599 1795 excandescet.

249 1852 361 1916 79‚101
393 1835 478 1901 idem
501 1841 608 1901 uinum
630 1841 749 1902 taenias
773 1849 942 1924 pergurgat
970 1846 1002 1900 et
1024 1838 1205 1915 lumbricos

141 1947 166 2008 si
189 1947 232 2008 sic
256 1947 432 2008 concinnes.

248 2053 282 2115 ln
314 2054 461 2115 omnibus
488 2053 535 2115 his
568 2052 720 2135 exemplis
754 2053 971 2115 coniunctivus
999 2050 1202 2134 potentialem

144 2162 207 2222 vim
231 2161 327 2240 habet
351 2177 386 2221 ac
412 2155 538 2240 quidem
569 2159 686 2241 ubique
714 2156 828 2240 aliquid
852 2160 993 2233 sumitur,
1022 2155 1109 2241 quod
1133 2177 1204 2219 esse

142 2274 256 2350 potest.
282 2265 318 2327 cl.
335 2265 425 2347 srgm.
446 2265 534 2342 83‚5:
560 2262 640 2326 Nam
666 2267 726 2327 vita
742 2266 880 2327 humana
902 2285 1003 2348 prope
1026 2265 1070 2326 uti
1086 2264 1203 2326 serrum

143 2382 198 2434 est.
223 2372 245 2433 si
271 2390 421 2433 exerceas
445 2372 631 2451 conteritur3
656 2372 679 2432 si
704 2391 767 2433 non
785 2391 937 2433 exerceas
960 2381 1067 2434 tamen
1090 2371 1203 2452 rubigo

142 2478 293 2543 interficit.
328 2479 400 2540 item
435 2477 580 2539 homines
615 2475 796 2539 exercendo
833 2475 974 2540 videmus
1010 2478 1140 2539 conteri.
1179 2478 1206 2539 si

141 2587 213 2649 nihil
252 2605 419 2663 exerceaS,
460 2585 570 2647 inertia
612 2594 710 2667 atque.
750 2582 886 2668 torpedo
924 2585 993 2668 plus
1029 2581 1204 2646 detrimenti

144 2694 213 2756 lacit
237 2712 330 2776 qnam
356 2688 546 2767 exercitio.¹)

251 2797 313 2861 Sed
337 2797 554 2860 coniunctivus
578 2799 749 2879 praesentis
778 2807 843 2859 tum
868 2787 998 2880 quoque
1025 2805 1205 2879 usurpatur,

144 2924 216 2966 cum
239 2903 353 2987 aliquid
386 2901 524 2984 fingitur,
556 2902 641 2985 qnod
677 2922 850 2987 numquam
885 2902 951 2965 fieri
987 2923 1081 2987 posse
1108 2922 1205 2965 nemo

144 3010 269 3093 estqui
293 3013 424 3074 nesciat:
462 3025 546 3089 11,4:
573 3021 640 3089 „est
663 3008 819 3072 interdum
840 3021 1000 3093 praestare
1024 3011 1206 3072 mercaturis

144 3138 211 3180 rem
236 3138 399 3201 quaerere,
424 3119 480 3180 nisi
504 3126 566 3181 tam
591 3116 803 3201 periculosum
827 3119 885 3179 siet
910 3126 941 3178 et
964 3119 1039 3179 item
1064 3116 1207 3196 fenerari,

145 3226 258 3287 sitam
282 3226 451 3288 honestum
475 3227 567 3288 siet.“
614 3223 780 3286 Conferas:
806 3221 853 3286 Pl.
871 3222 979 3285 Trino,
1009 3223 1107 3287 1186:
1125 3221 1206 3286 Nam

144 3333 169 3392 si
191 3352 250 3415 pro
274 3333 410 3413 peccatis
426 3342 551 3395 centnm
572 3328 665 3392 ducat
684 3349 813 3398 uxores.
837 3339 987 3410 parumst.
1015 3327 1104 3413 Epid.
1126 3342 1205 3405 730:

144 3436 264 3500 Invitus
295 3435 337 3500 do
361 3440 442 3500 hanc
464 3440 591 3500 ueniam
614 3437 677 3510 tibi,
703 3437 759 3498 nisi
783 3437 969 3498 necessitate
994 3431 1128 3518 cogar.2)

251 3541 282 3605 si
319 3554 427 3606 autem
464 3546 596 3626 scriptor
632 3546 809 3624 exprimere
842 3541 916 3616 vult,
948 3562 1015 3603 rem
1047 3562 1112 3605 non
1140 3542 1207 3604 fieri

145 3658 199 3712 aut
227 3670 297 3712 esse
325 3670 429 3734 posse,
462 3651 674 3712 coniunctivus
698 3649 867 3732 imperfecti
899 3650 1037 3732 ponitur:
1079 3662 1206 3729 102,13:

145 3755 246 3824 nullus
269 3765 411 3838 sumptus
435 3765 492 3831 est,
516 3765 548 3817 et
564 3757 589 3817 si
612 3766 754 3838 sumptus
778 3764 869 3830 esset,
893 3765 1001 3818 tamen
1024 3752 1208 3818 valetudinis

147 3883 242 3927 causa
265 3864 419 3947 experire.

146 3970 359 3978 ——.—-

253 4002 273 4074 1)
293 4003 428 4055 Eiusmodi
441 4003 570 4054 enuntiata
586 4004 706 4054 Plautina
720 4003 824 4068 collegit
838 4003 991 4054 Rotheimer
1005 4004 1020 4053 l.
1035 4005 1051 4055 l.
1065 4019 1091 4067 p.
1104 4010 1138 4061 43
1151 4019 1206 4068 sqq.

253 4093 275 4158 ²)
295 4095 327 4144 cs.
346 4094 506 4143 Rotheimer.
526 4093 543 4143 l.
564 4094 580 4142 l.
600 4108 624 4156 p.
644 4101 687 4150 44.
