2766 4628
667 276 708 336 23

263 450 346 516 Num
369 454 540 519 ablativum
564 463 636 537 post
659 473 740 536 opus
763 462 811 516 est
835 455 928 517 etiam
952 449 1221 514 instrumentalem

157 579 228 622 esse
252 561 309 622 viri
333 557 416 625 docti
440 559 589 625 dubitant.
635 560 827 642 Plerumque
859 561 889 622 in
921 557 1000 621 libro
1029 554 1068 618 de
1091 555 1222 639 agricul-

156 675 227 729 tura
249 669 478 732 nominativum
507 669 680 751 reperimus
716 664 827 750 (octies
860 659 988 747 decies),
1023 662 1121 725 semel
1154 664 1222 725 sine

157 769 279 850 dub101)
313 771 499 837 ablativum:
533 787 646 851 91‚15:
683 775 706 836 si
741 795 799 836 sex
833 773 911 856 ingis
934 771 1017 834 vasis
1050 788 1132 853 opus
1156 771 1221 832 erit.

157 878 234 941 ltem
270 881 301 943 in
336 880 516 964 fragmentis
551 893 581 944 et
617 882 771 946 ablativus
801 877 911 963 (825.)
947 887 978 941 et
1009 876 1221 938 nominativus

156 983 311 1069 179,7.8.)
336 988 500 1050 invenitur.
546 986 716 1052 Praeterea
741 991 797 1052 has
814 983 965 1047 dictiones
981 981 1097 1047 aliero:
1123 995 1221 1059 4414

155 1111 226 1154 cum
253 1093 358 1156 cinere
383 1104 475 1158 eruto
499 1113 578 1176 opus
603 1098 668 1158 erit.
705 1109 798 1173 1413
822 1113 905 1177 quae
928 1110 1009 1174 opus
1032 1091 1092 1152 sint
1115 1088 1219 1152 locato

154 1198 306 1262 locentur.
354 1204 443 1284 lrgm.
476 1202 564 1277 aad:
599 1200 673 1286 quid
706 1223 786 1286 opus
811 1203 868 1263 siet
891 1199 982 1261 lacto.
1017 1193 1088 1258 ibid.
1113 1207 1219 1273 37,13.

155 1325 222 1368 non
257 1325 336 1390 opus
372 1316 419 1370 est
454 1310 594 1371 recitato.
653 1309 805 1392 Participii
839 1305 966 1389 perfecti
993 1301 1148 1366 ablativus
1171 1302 1220 1364 hic

155 1431 214 1495 pro
239 1409 353 1475 eodem
377 1412 516 1477 infinitivi
533 1418 613 1477 'casu
637 1418 756 1498 positus
781 1423 836 1493 est,
860 1410 899 1475 ad
917 1431 1012 1494 quem
1034 1408 1219 1471 substantivi
1295 1403 1299 1409 ’

155 1521 350 1582 accusativus
373 1530 522 1584 attractus
546 1517 635 1604 est.²)
683 1518 778 1602 Apud
803 1520 949 1583 Plantum
969 1516 1220 1597 Terentiumque

155 1626 230 1688 item
265 1627 346 1689 hanc
373 1630 641 1690 constructionem
671 1629 795 1709 saepius
818 1635 943 1689 exstare
965 1621 1079 1686 docent
1103 1619 1219 1683 Holtze

155 1729 244 1794 111
266 1750 297 1813 p.
321 1730 374 1797 26.
398 1734 550 1796 Kuehner
574 1735 672 1797 1111
695 1753 724 1816 p.
750 1735 826 1810 538.
850 1733 991 1814 Draeger
1014 1731 1122 1792 histor.
1141 1729 1218 1810 Syn-

153 1833 361 1915 tax211,780.

262 1945 409 2028 Denique
433 1967 608 2030 cognoscas
631 1947 800 2010 ablativum
829 1943 983 2029 qualitatis
1012 1943 1065 2025 qui
1088 1947 1220 2002 vocatur

158 2052 232 2114 satis
255 2051 352 2114 libere
375 2073 395 2114 a
420 2053 541 2116 Catone
565 2063 750 2134 usurpatum
775 2074 845 2116 esse
869 2071 909 2113 ex
934 2051 1017 2112 hisce
1052 2043 1218 2127 exemplis:

157 2170 245 2237 219:
286 2157 364 2221 ficos
399 2159 528 2222 tellanas
570 2171 652 2222 atras
694 2157 838 2243 pediculo
872 2157 978 2238 longo.
1039 2165 1144 2231 100,7:
1181 2171 1220 2212 ea

157 2264 319 2345 (brassica)
343 2273 390 2327 est
414 2263 551 2348 grandis,
580 2266 649 2328 latis
675 2267 768 2340 loliis,
796 2264 884 2328 caule
909 2282 1035 2344 magno.
1090 2271 1218 2338 100,11:

157 2380 188 2433 et
211 2372 285 2433 item
321 2380 369 2433 est
403 2373 501 2446 tertia,
537 2393 619 2455 quae
643 2374 719 2437 leuis
742 2382 888 2450 vocatur,
922 2370 1046 2432 minutis
1070 2365 1219 2429 caulibus,

161 2490 293 2553 100‚13:
329 2476 368 2540 de
396 2479 544 2542 omnibus
568 2480 710 2543 brassicis
734 2480 818 2542 nulla
842 2487 889 2540 est
912 2477 989 2539 illius
1013 2469 1099 2536 modi
1123 2467 1219 2533 medi-

157 2593 314 2650 camento.
360 2598 448 2661 goat:
475 2587 675 2648 torcularium
700 2587 723 2646 si
754 2583 919 2647 aedificare
949 2581 1038 2644 voles
1061 2576 1220 2663 quadrinis

157 2691 248 2753 vasis.
272 2690 307 2752 cl.
331 2703 439 2768 gont.
485 2691 599 2767 65‚12:
625 2692 811 2774 amphoram
836 2688 975 2752 delracto
999 2686 1080 2750 collo
1096 2705 1217 2770 puram.

267 2794 318 2859 Ad
341 2797 512 2861 ablativum
536 2779 631 2873 modi,
658 2800 709 2882 qui
739 2807 786 2860 est
819 2809 897 2876 147.
933 2805 1101 2871 17,19.23.
1134 2790 1218 2866 28,8.

158 2902 240 2982 869.
264 2915 369 2981 90,11.
393 2919 502 2984 91,13,
524 2925 698 2988 numquam
722 2905 913 2989 praepositio
937 2921 1008 2963 cum
1033 2896 1163 2963 accedit.

518 3118 554 3195 Β.
586 3117 636 3196 lle
666 3115 863 3214 particulis.

266 3261 354 3324 Haec
377 3261 530 3323 hactenus
554 3258 593 3321 de
617 3261 755 3337 casibus;
779 3268 977 3321 transeamus
1001 3273 1083 3316 nunc
1093 3249 1133 3314 ad
1148 3270 1217 3335 par-

157 3367 277 3440 ticulas
302 3387 386 3451 quae
420 3379 491 3429 sunt
523 3369 553 3429 in
588 3366 666 3428 libro
697 3363 736 3427 de
764 3365 960 3447 agricultura,
985 3353 1220 3425 examinandas,

158 3473 288 3557 Optimo
325 3475 392 3536 iure
425 3474 579 3536 Henricus
602 3469 720 3556 Jordan
752 3468 831 3535 Krit.
855 3471 948 3534 Beitr.
981 3490 1010 3553 p.
1037 3478 1102 3543 274
1130 3461 1217 3526 dicit:

159 3579 239 3657 „Die
273 3577 520 3663 beweglichsten
553 3575 678 3642 Glieder
712 3575 767 3640 der
800 3578 938 3662 Sprache
971 3571 1039 3637 sind
1072 3570 1122 3634 die
1146 3569 1220 3633 Par-

262 3807 284 3876 1)
305 3811 370 3860 Nam
392 3807 504 3859 dubitari
524 3815 610 3874 potest
636 3810 792 3874 aliquotiens
821 3818 905 3859 utrum
934 3804 1106 3858 nominativus
1125 3816 1156 3848 an
1176 3800 1220 3847 ab·

133 3967 135 3970 ⁴
156 3899 248 3949 lativus
278 3898 379 3964 positus
402 3898 435 3947 sit
461 3906 488 3947 ut
507 3907 587 3955 44‚14
612 3899 704 3947 lacuna
731 3899 795 3951 nihil
820 3915 885 3962 opus
910 3900 956 3947 erit
976 3900 1020 3945 aut
1040 3898 1133 3949 35‚1o:
1154 3901 1219 3951 0l³¹¹s

155 3994 193 4036 est
212 3988 268 4039 LX.

261 4072 283 4142 2)
304 4077 335 4127 cf.
355 4073 442 4127 Haase
463 4077 494 4125 ad
515 4074 654 4139 Reisigium
675 4076 733 4126 adn.
753 4083 813 4136 275.
