2766 4628
704 260 746 321 24

192 436 291 500 tilreln
326 433 355 498 d.
380 438 409 499 h.
445 432 620 516 diejenigen
655 437 797 513 thrter,
831 439 878 501 fiir
913 439 1034 502 welche
1069 435 1119 501 die
1152 439 1263 502 antike

193 544 346 617 Theorie,
371 538 554 626 ausgehend
581 562 644 606 von
670 542 743 607 dem
766 542 925 608 Zustande
942 542 998 607 der
1014 547 1167 609 hbchsten
1184 545 1262 635 Ent-

195 647 375 732 wickelung
398 645 455 712 der
480 649 618 733 Sprache
642 647 692 713 die
715 651 905 732 Categorien
934 651 1159 734 Conjunction,
1184 652 1261 714 Pra-

192 757 330 833 position
353 752 417 817 und
442 752 575 818 Adverb
599 756 779 839 festgesetzt
802 759 864 821 hat.
901 758 974 820 Man
991 759 1045 822 hat
1064 759 1262 841 angelangen

192 882 232 925 zu
256 863 428 945 erkennen,
462 867 522 928 wie
547 862 596 927 die
620 863 827 927 Functionen.
859 863 979 928 welche
1000 866 1045 927 sie
1068 865 1152 928 kraft
1175 866 1260 928 ihrer

197 968 431 1052 Bildungstorm
468 970 682 1054 ursprtinglich
722 971 874 1046 ausuben,
909 972 950 1033 im
974 971 1075 1033 Laufe
1108 969 1164 1034 der
1187 971 1263 1035 Ent-

198 1077 377 1161 wickelung
401 1075 456 1140 des
479 1079 630 1160 geistigen
655 1075 837 1159 Vermbgen
871 1074 927 1138 des
951 1077 1074 1140 Volkes
1102 1078 1167 1140 sich
1190 1097 1263 1140 ver-

194 1181 328 1259 andern3
354 1186 413 1247 wie
437 1182 534 1248 durch
560 1181 645 1245 diese
669 1179 943 1264 Veranderungen
966 1203 1038 1245 zum
1055 1192 1152 1267 guten
1168 1183 1265 1246 Theil

195 1291 246 1351 die
268 1288 489 1353 zunehmende
512 1287 576 1352 urd
601 1285 683 1351 dann
708 1286 825 1350 wieder
849 1286 1069 1352 abnehmende
1094 1289 1262 1374 Gelenkig-

194 1395 260 1458 keit
284 1393 340 1458 des
363 1397 591 1480 syntactischen
617 1396 720 1457 Raues
752 1392 807 1456 der
830 1396 970 1477 Sprache
999 1393 1128 1478 bedingt
1152 1394 1261 1458 wird.“

196 1499 292 1581 Quod
331 1512 438 1565 antem
476 1501 698 1587 particularum
742 1521 817 1563 usus
861 1502 1057 1584 temporibus
1095 1499 1263 1585 tantopere

195 1608 388 1686 mutabatur,
417 1628 472 1673 eas
500 1618 647 1670 accurate
675 1609 857 1690 perquirere
882 1615 913 1669 et
935 1605 975 1669 ad
1000 1607 1137 1690 linguam
1161 1610 1262 1692 ipsam

195 1704 319 1797 penitus
343 1711 600 1797 cognoscendam
624 1721 656 1774 et
678 1709 716 1774 ad
734 1715 953 1797 quaestionem
977 1724 1117 1777 nostram
1135 1715 1261 1778 solven-
1293 1728 1295 1732 '

196 1817 268 1882 dam
293 1821 420 1882 maximi
444 1820 597 1882 momenti
630 1828 687 1881 est.
733 1817 784 1881 Ex
807 1821 842 1881 iis
865 1840 1042 1903 earumque
1066 1842 1123 1883 usu
1142 1823 1260 1906 optime

194 1935 299 2009 potest
335 1923 490 1989 diiudicari
525 1945 600 1988 num
630 1928 668 1987 sit
691 1947 725 1989 re
749 1946 825 1988 vera
853 1923 935 1988 adeo
964 1939 1130 2009 corruptus
1153 1948 1259 1992 sermo

194 2033 284 2096 Porci
308 2032 387 2108 libri,
411 2052 508 2116 quam
532 2031 687 2096 affirmant
710 2035 767 2096 viri
791 2030 881 2096 docti.

239 2171 243 2175 ·
303 2137 365 2202 Sed
390 2142 554 2203 veniamus
578 2137 616 2203 ad
641 2160 718 2202 rem.

515 2349 541 2420 1.
565 2345 613 2420 De
635 2344 940 2442 praepositionibus.

301 2480 330 2534 a,
353 2459 402 2538 ab,
425 2460 492 2521 abs.

301 2562 444 2628 Primum
480 2562 519 2628 de
543 2566 647 2628 formis
670 2565 743 2626 mihi
768 2561 985 2626 disserendum
1009 2575 1065 2626 est.
1101 2565 1141 2627 ab
1165 2565 1261 2648 longe

197 2674 388 2736 creberrime
423 2673 579 2735 invenitur
610 2671 740 2753 (septies
774 2668 903 2749 decies.)
938 2683 969 2732 et
1002 2680 1075 2734 ante
1109 2673 1207 2735 verba
1240 2694 1258 2734 a

195 2778 297 2841 vocali
335 2779 511 2863 incipientia
543 2786 575 2838 et
602 2797 621 2838 a
645 2778 848 2856 consonanti3
885 2798 904 2838 a
932 2779 1106 2860 quinquies,
1135 2779 1191 2840 abs
1215 2779 1261 2840 bis

195 2894 311 2947 exstat.
358 2885 393 2947 ln
428 2883 588 2945 volumine
619 2884 722 2961 primo
746 2883 887 2963 corporis
911 2883 928 2943 i.
954 2883 972 2943 l.
1002 2883 1042 2944 ab
1071 2879 1261 2965 quadragies

195 2993 305 3069 octies,
335 3012 352 3052 a
388 2988 546 3066 undecies⁷
580 2989 635 3051 abs
670 3007 842 3068 numquam
877 2989 1017 3050 occurrit.
1069 2986 1107 3050 In
1132 2988 1261 3051 Catonis

196 3097 381 3180 fragmentis
410 3096 450 3159 ab
475 3116 541 3168 sex,
572 3115 591 3159 a
614 3093 770 3174 undecim,
803 3095 861 3158 abs
884 3076 970 3157 nullo
998 3094 1070 3156 loco
1094 3097 1258 3179 reperitur.

198 3201 294 3289 Apud
320 3203 462 3266 Plantum
487 3214 518 3267 et
540 3211 666 3266 veteres
685 3205 819 3286 tragicos
836 3203 1040 3286 comicosque
1061 3203 1117 3264 abs
1137 3204 1262 3284 saepius

197 3308 404 3387 offenditur.¹)
447 3311 595 3374 Corsseni
630 3312 722 3393 igitur
752 3306 947 3390 affirmati02)
979 3309 1020 3371 ab
1053 3309 1262 3390 antiquiorem

197 3439 267 3480 esse
291 3418 425 3480 formam
447 3417 515 3479 libri
538 3419 635 3479 nostri
659 3413 816 3479 codicibus
832 3414 1066 3497 comprobatur.
1091 3413 1138 3477 Ne
1154 3423 1262 3477 autem

197 3525 330 3586 levitatis
353 3543 492 3600 accuser,
524 3525 585 3584 hoc
609 3520 648 3585 de
672 3523 819 3584 omnibus
843 3516 996 3583 eiusmodi
1025 3521 1263 3603 quaestionibus

198 3628 325 3692 adnoto.
381 3627 460 3692 Nihil
494 3649 564 3690 mea
604 3629 756 3691 sententia
792 3647 833 3688 ex
868 3627 1084 3709 manuscriptis
1119 3625 1191 3688 solis
1223 3623 1263 3688 de

199 3739 369 3821 scripturae
392 3735 627 3818 quaestionibus
652 3730 808 3797 diiudicari
833 3741 947 3817 potest.
975 3734 1007 3794 Si
1032 3752 1109 3794 vero
1139 3729 1263 3794 codices

199 3901 235 3908 .—

305 3957 325 4029 1)
345 3962 376 4017 cf.
391 3965 504 4014 Corssen
524 3960 646 4028 Ausspn²
664 3963 686 4020 Ι,
710 3968 767 4024 154.

303 4048 325 4120 2)
347 4053 407 4106 isra.
427 4053 438 4101 1
459 4069 484 4117 p.
500 4057 556 4112 155.
