2766 4628
708 268 797 331 30·

194 447 283 524 78,o:
310 468 352 510 ex
375 446 486 513 dolore
505 450 551 508 'ex
573 444 662 523 febri,
688 468 729 510 ex
752 449 810 525 siti,
833 465 874 509 ex
898 444 1134 511 medicamentis
1148 446 1258 510 biben-

193 551 259 633 dis,
294 575 335 616 ex
367 556 611 639 cataplasmatis,
648 575 690 617 ex
716 553 789 617 alvo
817 551 963 616 lavando.
1011 553 1067 636 fig.
1096 553 1182 629 19,8:
1208 553 1258 616 Dii

195 659 391 724 immortales
420 664 545 727 tribuno
573 662 703 725 militum
731 660 888 723 fortunam
912 680 953 722 ex
978 660 1092 722 virtute
1115 659 1181 720 eius
1206 656 1259 720 de-

194 764 281 829 dere.
327 767 392 830 Att.
416 781 490 845 532.
525 768 629 846 (Ribb.
657 768 720 851 lp.
753 768 838 845 207.)
885 765 935 828 Ex
970 767 1112 849 viperino
1147 785 1256 828 morsu

197 892 299 936 venae
324 920 331 933 .
355 920 363 936 .
387 884 506 937 taetros
530 876 686 938 cruciatus
715 873 876 956 praebent.
923 872 1031 935 Alran.
1057 883 1131 948 352.
1156 871 1261 945 (Ribb.

195 975 230 1038 11
253 997 283 1059 p.
311 975 389 1061 210)
425 1001 466 1043 ex
501 979 656 1044 desiderio
689 981 788 1061 magis
825 979 988 1059 magisque
1016 997 1170 1041 maceror.
1217 977 1261 1040 Pl.

196 1083 259 1147 Mil.
283 1084 431 1161 IV,5,12:
461 1087 577 1150 Saltem
606 1085 636 1149 id
664 1087 760 1170 volup
784 1093 845 1163 est,
872 1104 971 1167 quom
995 1104 1036 1146 ex
1061 1085 1173 1146 virtute
1197 1083 1259 1147 ior·

197 1208 267 1252 mas
283 1192 390 1254 evenit
414 1193 476 1254 tibi.
523 1194 640 1278 Amph.
665 1206 742 1270 541:
779 1211 821 1254 ex
848 1211 959 1254 amore
988 1192 1036 1253 hic
1065 1187 1261 1253 admodum

193 1316 292 1378 quam
315 1317 432 1360 saevos
455 1309 510 1361 est.
534 1301 571 1361 cl.
597 1299 691 1362 llere.
717 1311 793 1376 324.
816 1297 891 1361 Ter.
907 1295 1035 1379 Adelph
1061 1308 1131 1375 197.
1155 1294 1257 1360 Andr.

199 1402 271 1466 268.
317 1400 576 1487 Phorm.75o.1)

304 1511 335 1586 4)
365 1510 572 1596 Coniungitur
610 1531 683 1573 cum
720 1510 824 1572 verbis
863 1510 1026 1592 colligere,
1073 1507 1261 1572 concludere

195 1614 346 1679 similibus
368 1615 482 1700 aliquid
507 1638 548 1679 ex
570 1617 674 1699 aliqua
695 1637 742 1678 re:
771 1617 860 1694 bom:
895 1637 936 1678 ex
970 1615 1044 1699 gula
1076 1612 1264 1695 consideret,

195 1720 283 1804 quod
319 1725 392 1786 satis
415 1725 482 1786 siet.
523 1728 559 1786 cl.
584 1725 669 1787 Trin.
698 1736 795 1801 1049:
824 1742 936 1785 eorum
961 1743 1003 1785 ex
1024 1723 1151 1804 ingenio
1175 1723 1262 1804 inge·

196 1830 284 1891 nium
307 1831 422 1892 horum
445 1830 591 1913 probant.
637 1829 722 1893 Pers.
748 1829 875 1906 ll,2.30.

304 1936 471 1999 Postremo
505 1954 558 1998 me
594 1935 707 2012 28,17:
743 1956 784 1998 ex
818 1937 908 2018 signo
939 1935 1174 2025 manupretium
1196 1935 1263 1996 erit.

195 2054 310 2117 35,12:
336 2063 378 2106 ex
402 2052 526 2123 trapeto
549 2051 737 2127 temperato.
762 2062 825 2104 non
850 2039 1039 2103 intellexisse
1063 2039 1226 2121 profiteor.

306 2148 382 2210 lini.

306 2255 376 2318 Fini
404 2275 446 2318 ex
473 2254 611 2318 ablativo
639 2255 823 2317 substantivi
854 2252 923 2316 finis
950 2251 1100 2336 paulatim
1127 2271 1264 2336 praepo·

197 2361 269 2422 sitio
298 2360 380 2424 lacta
414 2372 470 2425 est.
519 2363 625 2441 38,st
666 2370 799 2445 „postea
834 2361 958 2443 operito
989 2367 1073 2420 terra
1108 2355 1266 2421 radicibus

200 2465 276 2529 fini“
292 2469 420 2550 proprie
436 2467 602 2552 significat:
620 2466 721 2530 decke
745 2464 860 2529 darauf
877 2462 964 2528 Erde
986 2466 1135 2540 herliber‚
1158 2462 1265 2528 indem

199 2570 252 2635 die
276 2572 432 2636 Wurzeln
455 2573 506 2637 die
530 2575 654 2638 Grenze
678 2571 792 2636 bilden.
839 2569 995 2634 radicibus
1018 2570 1071 2633 fini
1094 2571 1186 2652 igitur
1210 2571 1264 2632 ab·
1311 2613 1317 2623 ·

201 2679 315 2742 lativus
349 2680 512 2743 absolutus
545 2691 599 2743 est.
645 2681 733 2744 ltem.
783 2679 827 2742 Pl.
861 2677 944 2740 Men.
976 2677 1016 2740 V.
1052 2677 1150 2752 2‚106
1183 2675 1266 2739 Osse

199 2783 255 2845 fini
279 2781 437 2848 dedolabo
471 2786 632 2849 assulatim
664 2788 693 2849 ei
724 2788 856 2849 viscera.
903 2783 1086 2847 Ablativum
1117 2802 1187 2844 esse
1211 2781 1265 2844 fini

199 2909 244 2952 ex
267 2889 427 2953 locutione
450 2911 514 2975 qua
536 2891 598 2971 fini,
629 2911 712 2976 quae
737 2892 787 2954 vel
819 2887 903 2974 apud
935 2892 1002 2953 iure
1033 2890 1194 2952 consultos
1217 2908 1266 2951 se-

198 2992 294 3057 cundi
316 2997 433 3058 saeculi
465 3007 536 3080 post
560 2998 632 3061 Chr.
664 3018 695 3060 n.
719 2997 898 3078 frequenter
922 2993 1097 3076 offenditur,
1127 3008 1267 3079 apparet,

203 3103 354 3183 quoniam
384 3101 453 3166 finis
481 3104 617 3166 feminini
645 3104 769 3184 generis
797 3103 890 3166 luisse
921 3101 1006 3188 apud
1030 3104 1149 3187 priscos
1172 3102 1267 3185 scrip·

201 3220 288 3272 tores
311 3205 470 3291 constatt)
517 3229 580 3292 qua
595 3210 648 3273 fini
671 3230 732 3293 apu
751 3209 907 3274 Catonern
931 3219 1034 3273 exstat
1049 3223 1134 3286 341.
1158 3220 1267 3285 93,21.

199 3316 312 3394 9b,14.
362 3317 478 3380 Postea
506 3316 557 3380 fini
598 3317 691 3401 plane
724 3318 964 3402 praepositionis
991 3336 1124 3378 munere
1158 3315 1268 3398 lunge·

202 3422 295 3484 batur
319 3435 351 3485 et
374 3427 556 3505 genetivum
580 3425 637 3487 sibi
659 3421 788 3487 adscivit
810 3433 846 3486 ut
868 3436 957 3503 75,3:
982 3441 1130 3486 ansarum
1148 3419 1267 3483 infima-

202 3548 274 3590 rum
298 3528 360 3591 fini.

312 3635 361 3696 ln.

317 3755 340 3802 1.
365 3741 445 3804 Cum
469 3742 615 3804 ablativo.

312 3848 431 3909 Omitto
465 3847 614 3930 vulgaria,
645 3867 727 3931 quae
752 3856 1003 3911 commemoratu
1033 3843 1158 3929 indigna
1182 3853 1264 3907 sunt.

203 3952 417 3963 ᾖ

310 3983 331 4055 1)
351 3989 429 4037 Plura
449 3989 568 4051 exempla
588 4004 620 4037 ex
639 3989 734 4037 Plauto
754 3987 828 4037 aliert
848 3987 1040 4053 Kampmannus
1059 3988 1076 4036 l.
1095 3987 1114 4037 l.
1133 4002 1158 4050 p.
1181 3996 1220 4044 15.

311 4072 335 4140 2)
354 4077 387 4126 of.
406 4077 555 4126 Lachmann
574 4077 606 4127 ad
626 4078 703 4127 Luer.
723 4077 805 4134 I.555.
