2766 4628
668 239 710 303 66

155 425 280 506 saepius
303 422 406 501 facito,
429 440 531 504 usque
555 417 629 482 durn
647 416 781 482 odorent
803 418 921 481 rnatum
939 417 1110 505 dempseris
1130 422 1224 498 747:

156 532 187 592 in
211 527 293 592 idern
319 527 436 591 doiiunr
461 524 585 611 (indito)
610 546 711 609 usque
736 525 811 589 durn
834 527 1008 609 inpleveris.

269 635 524 718 „Significatione
549 635 636 709 „bis“
660 633 809 714 particula
835 631 909 696 dum
932 655 1061 719 perraro
1085 635 1225 697 sociatur

158 763 229 805 curn
253 744 453 822 temporibus
476 741 600 815 suturis3
625 741 703 803 haec
727 741 810 802 enirn
834 751 882 802 est
909 743 1037 825 propria
1059 741 1225 822 provincia

155 850 324 934 particulae
360 845 523 925 donec.“1)
571 847 640 908 Hoc
671 867 769 909 unum
804 866 845 907 ex
878 845 990 909 Plauto
1024 843 1130 910 laudat
1167 868 1223 910 ex·

156 958 295 1042 emplum
331 955 471 1038 Langius
494 955 511 1017 l.
538 954 570 1016 l.:
607 952 690 1015 Pers.
715 966 771 1026 52:
806 971 907 1035 usque
939 972 996 1015 ero
1021 950 1115 1030 domi,
1145 951 1223 1016 duna

157 1084 319 1128 excoxero
343 1063 449 1124 lenoni
473 1061 588 1124 nraiaru
612 1081 679 1122 renr
704 1079 859 1142 magnam.

262 1171 405 1233 Donec.

264 1275 434 1358 Attigirnus
458 1275 518 1336 ianr
543 1274 670 1335 strictim
695 1274 786 1334 huius
805 1271 976 1355 particulae
991 1291 1094 1346 usum,
1119 1281 1150 1334 et
1175 1273 1220 1334 in-

158 1385 302 1446 venimus
327 1402 398 1443 eant
423 1381 539 1463 ubique
563 1399 628 1441 uno
651 1390 787 1459 excepto
811 1379 882 1440 loco
907 1398 979 1441 cunr
1008 1379 1115 1441 futuris
1138 1387 1220 1442 tem-

155 1489 283 1571 poribus
307 1489 514 1560 coniunctam,
539 1505 611 1547 curn
634 1485 740 1547 futuro
753 1486 871 1568 prinro:
895 1498 979 1562 49,3.
997 1497 1102 1564 71,t5.
1125 1485 1220 1563 99,63

156 1615 228 1658 curn
252 1595 358 1657 futuro
382 1603 495 1655 exacto
521 1593 625 1667 58,15.
649 1590 733 1666 62,1.
758 1591 844 1668 653.
863 1605 910 1666 15.
930 1605 977 1668 19.
1003 1592 1217 1669 92,19.94,8.

161 1701 264 1778 108,·4.
289 1699 514 1762 Coniunctivus
537 1699 710 1778 praesentis
731 1707 833 1760 exstat
854 1710 947 1774 543:
973 1717 1074 1781 usque
1091 1698 1219 1762 ocinum

160 1806 244 1882 dat0,
282 1804 383 1868 donec
419 1815 549 1867 arescat.
597 1803 740 1866 Holtzius
764 1803 801 1881 ΙΙ,
837 1806 897 1880 181Γ
920 1806 981 1867 hoc
1005 1824 1104 1866 uuum
1128 1805 1221 1868 liuius

156 1920 330 1976 structurae
354 1911 535 1991 exemplum
567 1911 624 1971 sibi
647 1920 816 1990 suppetere
839 1911 962 1986 fatetur,
998 1908 1052 1972 sed
1077 1910 1219 1994 Langius

155 2021 173 2083 l,
197 2021 216 2082 1.
240 2039 269 2101 p.
294 2033 333 2096 31
361 2021 440 2079 haec
463 2026 628 2099 praeterea
652 2016 764 2080 attulit:
790 2017 827 2079 R.
852 2014 934 2079 Rud.
959 2017 1040 2080 811:
1065 2015 1102 2079 Ni
1118 2019 1219 2081 istunc

156 2128 218 2189 istis
252 2126 436 2199 invitassitis
473 2124 580 2206 Usque
613 2121 695 2185 adeo
730 2120 832 2186 donec
867 2143 931 2206 qua
959 2121 1088 2185 donrunr
1112 2125 1217 2201 abeat,

156 2232 275 2295 nesciat
300 2232 421 2314 peristis
448 2230 553 2292 anrbo.
600 2229 692 2290 Ribb.
718 2230 807 2291 Com.
824 2250 853 2312 p.
878 2242 937 2307 124
954 2249 1053 2313 usque
1070 2231 1218 2298 donicum

156 2338 310 2420 effigatur.
357 2335 450 2398 Lucr.
469 2334 525 2409 IV,
550 2347 629 2410 905:
655 2335 932 2419 expergefactique
948 2348 1096 2402 secuntur
1115 2341 1220 2405 inania

157 2465 251 2527 saepe
276 2444 453 2507 Cervorum
485 2441 657 2521 simulacra,
691 2443 784 2523 fugae
816 2444 903 2524 quasi
940 2442 1042 2507 dedita
1077 2457 1218 2522 cernant,

157 2551 269 2613 Donec
293 2547 436 2611 discussis
461 2545 590 2611 redeant
614 2551 772 2612 erroribus
794 2547 835 2610 ad
859 2572 904 2612 se.

263 2655 327 2719 Pro
353 2654 454 2717 donec
479 2665 526 2717 ter
549 2655 649 2718 fornia
674 2654 821 2718 donicum
838 2658 972 2718 occurrit
984 2665 1106 2738 (9219.
1130 2671 1216 2737 949.

163 2762 274 2839 108,4.)
291 2782 386 2845 quam
402 2783 421 2823 a
437 2760 560 2823 Catone
583 2782 653 2823 esse
670 2771 850 2843 usurpatam
867 2773 999 2826 testatur
1017 2765 1174 2827 Charisius
1191 2765 1217 2828 ΙΙ

157 2887 187 2949 p.
216 2880 285 2944 197.
321 2864 380 2945 (ed.
403 2866 499 2946 Keil.)
534 2887 605 2930 curn
641 2865 726 2932 dicit:
763 2869 919 2931 Donicunr
951 2889 1009 2950 pro
1045 2869 1147 2934 donec
1175 2873 1218 2934 ita

157 2974 264 3037 Livius
289 3021 296 3035 .
323 3022 329 3035 .
357 3021 363 3034 .
388 2970 444 3033 sed
479 2982 510 3036 et
534 2973 623 3036 Cato.
669 2973 792 3036 Eadem
820 2974 930 3052 sornra,
966 2996 1047 3057 quae
1070 2979 1219 3062 frequens

159 3090 206 3143 est
229 3077 313 3161 apud
338 3078 492 3154 Plauturn,
518 3089 619 3142 exstat
644 3081 677 3142 C.
702 3081 724 3143 1.
751 3081 787 3143 L.
814 3081 835 3158 Ι,
866 3083 988 3161 198,65.

263 3187 376 3251 Liceat
400 3188 472 3249 inihi
497 3188 542 3249 his
567 3206 658 3248 usunr
682 3187 846 3252 locutionis
871 3188 945 3253 dum
969 3193 1219 3275 nesubiungere,

158 3313 239 3376 quae
264 3305 310 3355 est
340 3305 439 3371 17,17.
464 3307 573 3368 40,17.
608 3293 692 3372 52,8.
740 3296 1006 3378 Significationenr
1034 3299 1130 3360 habet
1154 3320 1218 3361 wo-

158 3398 227 3461 sern
262 3403 320 3462 nur
358 3400 442 3460 nicht
477 3408 508 3458 ct
543 3419 613 3460 curu
650 3402 849 3465 coniunctivo
885 3405 1062 3484 praesentis.
1096 3414 1218 3467 tanturn

159 3507 365 3587 coniungitur.
412 3504 446 3565 cf.
470 3503 556 3567 Trin.
580 3518 663 3583 979:
700 3508 785 3569 Durn
810 3510 858 3571 ilie
888 3531 928 3570 ne
952 3512 1002 3584 sis,
1038 3530 1132 3592 quern
1157 3531 1219 3593 ego

159 3631 229 3672 esse
253 3611 343 3687 nolo;
369 3610 408 3670 sis
432 3630 504 3672 urea
529 3630 623 3674 causa
646 3615 698 3694 qui
723 3614 818 3678 lubet.
844 3635 892 3697 ep.
918 3614 958 3678 de
981 3615 1055 3680 Bac.
1075 3618 1125 3694 ·(C.
1148 3617 1169 3679 Ι.
1181 3616 1219 3679 L.

158 3714 184 3793 Ι,
211 3715 335 3794 196‚6):
361 3717 425 3776 utei
449 3727 575 3778 senatus
598 3729 707 3782 noster
731 3720 921 3800 decerneret,
952 3720 1027 3785 dunr
1052 3743 1092 3784 ne
1117 3725 1221 3785 minus

158 3824 346 3887 senatorbus
371 3819 396 3880 C
420 3819 564 3902 adeseut3
588 3826 652 3888 aliis
676 3830 866 3891 creberrime
889 3829 972 3891 iocis.

157 3984 368 3991 ——-———-

268 4048 292 4115 1)
312 4051 342 4100 cf.
365 4053 453 4116 Lange
473 4053 490 4102 l.
510 4053 525 4101 1.
546 4067 571 4116 p.
593 4064 633 4111 ¹30.

150 4456 282 4566 ft
